2149 3576
353 79 483 181 D
492 122 552 185 ιι
616 104 703 184 i>
687 110 768 183 1
831 96 939 183 ἓ
950 120 1013 177 A
1072 120 1137 181 ἰ-
1198 125 1232 182 ι
1264 102 1362 181 ζα

56 214 274 301 etiam
315 211 464 295 Dii
499 207 941 321 suscipiunt
959 266 988 312 ,
1059 210 1317 324 iisque
1360 235 1521 294 ιιοιι
1559 209 1670 295 se

55 355 169 421 cns
202 355 303 409 ac
357 325 673 412 eximiis
706 323 995 409 hostiis
1045 325 1175 409 vel
1229 314 1438 409 tonis
1450 325 1674 410 heca

59 442 337 526 tombis
372 438 907 531 delestantur
888 495 919 539 ,
943 437 1092 522 fic
1130 439 1325 523 mihi
1359 439 1558 531 hanc
1587 467 1671 521 0-

54 559 313 668 peram
371 542 640 686 apud·
640 578 784 640 vos
842 575 1137 666 gratam
1196 545 1380 638 fore
1437 548 1676 638 confi-

54 672 159 755 do
186 726 215 772 ‚
273 672 441 785 qui
458 670 628 781 pari
654 669 919 755 studio
949 692 1394 782 magnatum
1426 679 1505 755 &
1536 669 1675 755 hu*

59 788 356 872 milium
408 780 781 869 defideria
819 785 1186 892 excipitis
1218 839 1249 882 ,
1315 785 1679 896 hancque

60 903 360 986 unicam
403 899 724 982 laudem
780 904 1072 1006 putatis
1141 898 1316 983 illos
1367 900 1680 1011 adjuva-

62 1042 136 1101 re
157 1076 188 1117 ‚
242 1015 370 1097 his
411 1036 573 1096 non
619 1011 890 1097 deeffe.
982 1014 1170 1097 Hac
1190 1016 1683 1124 ςιιαριῡριει

64 1153 230 1213 cum
258 1129 633 1244 aequitate
650 1125 853 1225 ιῑιιε,
868 1126 950 1211 ιιι
966 1127 1375 1238 publicum
1406 1146 1681 1238 pecca

64 1271 139 1329 re
162 1238 477 1333 viderer
506 1296 536 1341 ‚
611 1241 753 1325 nifi
782 1267 926 1328 vos
957 1242 1344 1325 industriae
1373 1266 1569 1327 meae
1597 1249 1684 1325 &

62 1356 413 1445 laborum
448 1357 763 1468 jndices
796 1351 1288 1455 statuiss'em‚
1362 1382 1530 1475 quo
1583 1375 1688 1440 ex

63 1470 334 1559 officio
374 1471 1059 1571 benevolentiam
1031 1480 1117 1553 ιιι
1169 1498 1316 1555 me
1352 1469 1682 1559 vestiam

66 1587 544 1672 existimabo
635 1584 764 1669 Ut
839 1604 928 1671 ut
968 1587 1173 1671 enim
1232 1612 1352 1672 res
1430 1582 1690 1688 cadit,

69 1702 198 1787 tali
269 1699 574 1813 semper
651 1704 1168 1814 ptaerogativa
1248 1704 1642 1817 gloriabor
1663 1739 1693 1801 5

66 1833 259 1930 quae
254 1827 405 1901 ine
432 1817 617 1904 vel
590 1843 675 1901 m
714 1815 1109 1927 posterum
1140 1820 1186 1901 a
1221 1820 1450 1902 simili
1477 1836 1698 1932 argu·

69 1957 342 2017 mento
374 1932 823 2038 absterrebit
836 1988 869 2034 ,
923 1931 1050 2018 vel
1083 1933 1359 2043 sponte
1391 1963 1702 2024 currem·

70 2050 131 2132 ti
185 2028 681 2162 (praefiscine
713 2041 1114 2154 dixerim)
1171 2050 1411 2138 addet
1446 2052 1695 2141 calca-⁴

71 2164 221 2262 ria,
278 2185 368 2249 ut
402 2172 485 2248 δε
521 2164 752 2272 Reip.
789 2160 1224 2245 Litterariae
1276 2173 1352 2252 &
1387 2166 1696 2253 Scholae

73 2277 330 2362 vestrae
359 2304 532 2362 eam
558 2335 586 2376 ,
660 2275 895 2388 quarn
954 2279 1320 2387 optastis,
1373 2307 1693 2393 operam

74 2375 474 2502 praestem,
534 2410 620 2478 ut
638 2407 852 2484 certo
881 2393 1344 2493 monstrem,
1400 2398 1700 2482 nullum

77 2509 286 2617 apud
309 2517 438 2588 me
461 2504 930 2591 beneficium
969 2506 1298 2592 vestrum
1337 2511 1704 2593 intermo-

79 2622 182 2715 ri,
241 2620 639 2733 tutusque
636 2619 796 2703 effe
832 2618 1115 2732 poffitn
1140 2643 1488 2708 meorum
1526 2641 1706 2736 erga

76 2762 215 2821 vos
256 2730 721 2819 officiorum
756 2735 1299 2836 conscientia,
1373 2759 1710 2850 quorum

77 2875 200 2935 me
237 2869 623 2963 perpetua
659 2853 744 2935 in
786 2848 1169 2961 potestate
1186 2849 1358 2934 fore
1383 2858 1713 2965 promit·

79 2983 231 3064 ιο,
311 2983 813 3079 quorumque
864 2980 1023 3082 pro
1079 2966 1322 3054 salute
1354 3023 1380 3060 ‚
1467 2971 1736 3057 ιιιιιῙιει

83 3075 357 3196 Deum
348 3083 586 3197 Opjt.
603 3081 831 3189 Max.
858 3107 1209 3168 veneror.
1405 3171 1412 3178 ,

226 3251 235 3258 ·
856 3196 911 3249 ἢ
936 3195 988 3249 ἢ
1058 3222 1101 3280 2
1433 3193 1721 3283 SUM-
