2149 3576
302 152 307 157 ·
358 117 444 202 D
500 145 553 202 E
615 140 675 198 n
734 144 772 201 1
827 138 888 200 c
943 140 1006 203 A
1062 141 1120 204 τ
1181 144 1216 202 1
1275 145 1354 204 o.

47 231 495 348 permittitis
510 230 657 315 hac
674 248 814 317 vos
830 235 1135 315 onerar'i
1157 233 1448 320 invidia
1469 267 1498 336 ,²
1530 254 1668 320 eos

53 349 439 462 superatisa
521 346 753 453 Qid
790 346 1249 450 circuitione
1288 352 1666 435 utendum

55 464 201 548 est?
255 465 561 550 Nonne
588 461 709 545 illi
743 458 1036 545 severas
1063 485 1264 546 artes
1291 465 1479 548 urbe
1503 464 1673 574 pel-

55 580 212 665 lunt
224 614 252 679 ·‚
281 603 427 662 vos
449 574 667 661 fimul
688 600 921 685 caput
938 576 1333 661 extollunt
1352 635 1379 676 ,
1412 576 1672 685 hospi-

63 694 168 778 tio
208 692 570 804 accipitis
597 744 625 788 ‚
678 686 965 777 fovetis
994 700 1076 778 &
1108 715 1208 775 ex
1242 692 1408 800 ipsa
1446 693 1671 778 Italia

60 806 335 892 vestros
386 805 490 892 ad
521 798 834 887 secessus
871 807 1230 889 vocatis?
1291 806 1674 893 Dicerent

58 921 178 1004 alii
226 916 554 1006 adfuisse
590 917 911 1003 confilio
956 943 1116 1003 tam
1177 918 1454 1005 salubri
1512 922 1676 1005 Mi·-

64 1062 361 1121 nervam
401 1034 957 1133 Homericam,
1001 1035 1134 1119 sed
1156 1062 1350 1147 eg03
1391 1036 1679 1120 reliffis

66 1150 465 1237 Poetarum
500 1147 779 1233 fabulis
805 1205 836 1248 ,
887 1149 1088 1232 illud
1123 1150 1366 1233 menti
1397 1149 1515 1233 illi
1551 1178 1683 1252 ve-

71 1262 213 1347 strae
245 1254 281 1356 ,¹
336 1292 500 1378 qua
561 1263 1077 1379 gubernacula
1122 1265 1359 1371 Reip2
1397 1263 1680 1347 cautis-

69 1375 228 1462 fime
270 1378 542 1494 regitis
572 1434 600 1477 ,
670 1375 1046 1462 adscribo.
1128 1375 1433 1461 Urbem
1466 1379 1677 1463 enim

73 1489 250 1580 hanc
293 1494 615 1578 cernitis
659 1491 850 1574 stare
898 1489 1250 1575 moribus
1293 1495 1681 1604 antiquis,

79 1612 376 1694 eandem
413 1607 794 1694 rationem
828 1607 998 1690 aliis
1046 1606 1127 1688 in
1184 1607 1408 1691 rebus
1454 1610 1683 1720 sequi

63 1720 329 1831 justum
376 1731 457 1810 &
526 1747 838 1834 aequum
908 1719 1382 1807 existimatis,
1461 1723 1683 1812 Hinc

82 1863 251 1923 eum-
270 1838 557 1927 ‘studiis
596 1843 974 1949 juvenu'm
1030 1833 1281 1922 facem
1337 1831 1687 1949 praelatt't-

85 1974 233 2037 rum
265 1955 651 2063 optimam
691 1951 1088 2063 judicastis
1123 1984 1151 2050 ,2
1209 1959 1367 2066 *qui
1420 1956 1505 2036 id
1561 1955 1686 2038 so-

74 2061 224 2150 -lum
268 2067 408 2152 fibi
483 2066 890 2151 honestum
963 2068 1288 2174 putabat
1320 2097 1349 2166 ‚¹
1424 2069 1686 2154 adole·-

86 2177 346 2267 scentes
394 2182 661 2267 videre
711 2181 1035 2292 optimis
1074 2181 1365 2266 artibus
1410 2186 1689 2293 praedi-

88 2313 234 2395 ωε,-
284 2306 358 2382 &
396 2294 837 2380 imitatione
875 2318 1226 2379 veterum
1262 2295 1533 2409 suique
1568 2295 1689 2384 fa-

91 2435 235 2494 cere
274 2412 651 2496 eruditos,
730 2410 979 2517 Qod
1014 2409 1246 2493 semel
1278 2437 1691 2522 acceptum

90 2524 434 2610 divinitus
483 2521 883 2608 confilium
939 2524 1022 2605 in
1078 2523 1469 2632 posterum
1503 2527 1697 2609 sem—-

93 2651 209 2743 per
240 2640 477 2724 secuti
510 2637 686 2720 estis
705 2694 734 2735 ‚
795 2638 1231 2747 eodemque
1265 2639 1459 2723 ludo
1507 2644 1698 2730 edo-

95 2748 236 2832 &os
276 2810 306 2850 ‚
376 2763 457 2840 δε
497 2752 777 2862 quibus
823 2749 955 2833 ille
1014 2754 1374 2862 princeps
1425 2757 1528 2839 ad
1585 2756 1702 2840 su-

88 2861 465 2973 scipienda
496 2885 734 2975 atque
762 2866 1272 2980 ingredienda
1302 2868 1549 2955 studia
1565 2895 1700 2956 ex·-

94 2974 261 3064 ‘stitit
280 3037 307 3078 ,
365 2982 566 3064 hanc
589 2982 943 3090 Spartam
964 3001 1361 3065 curaturos
1381 2987 1703 3070 consen·-

99 3089 168 3174 su
196 3095 442 3182 vestro
477 3094 690 3207 quafi
721 3093 1201 3265 legeiae’teerna
1236 3099 1706 3293 decrevist?

1672 3233 1705 3290 t
