2149 3576
460 128 562 226 ‚D
626 153 673 208 Ε
742 156 797 208 n
861 156 894 210 1
954 154 1012 210 c
1082 152 1132 215 A
1201 154 1265 211 τ
1324 156 1357 211 1
1433 159 1512 212 o.

148 264 614 354 temporum
653 240 1089 325 nostrorum
1124 243 1560 331 calamitate
1618 278 1813 362 que.

149 361 218 442 ri
259 357 671 467 poffimus.
745 358 1120 468 Imoego
1172 358 1378 442 inter
1424 371 1808 475 praecipua

149 472 861 556 muneraiarbitror
892 471 1047 551 hoc
1081 472 1342 554 seculo
1393 498 1661 561 natum
1688 485 1806 564 es·-

153 587 233 672 se
252 636 282 686 ,
341 614 512 696 quo
533 587 799 671 videas
830 587 1051 694 quod
1087 610 1262 671 tuto
1288 586 1649 699 sequare,
1689 621 1808 681 tu-

149 722 243 784 to
273 701 589 808 spernas
620 757 648 797 ‚
705 709 785 784 &
817 700 1202 785 laudanda
1243 703 1655 792 scribendo
1687 707 1808 794 fa-

150 815 456 898 cillime
513 815 829 897 laudem
895 816 1266 917 invenias.
1378 818 1563 904 Scio
1612 827 1807 909 dua..

152 946 326 1012 rum
348 956 606 1012 rerum
628 927 1076 1012 obeundam
1101 929 1226 1012 eff
1213 960 1255 1010 e
1286 938 1749 1040 opinionem
1771 1000 1801 1041 ,

154 1045 387 1127 unius
439 1044 997 1143 minimarum-,'
1093 1071 1268 1154 quae
1318 1048 1472 1129 hoc
1541 1051 1801 1137 studio

157 1159 473 1240 trastari
550 1158 906 1239 homines
995 1161 1415 1251 umbratici
1488 1190 1798 1272 petrem,

152 1274 360 1362 dunt
386 1328 416 1370 ‚
475 1273 788 1355 alterius
826 1273 1417 1373 obgrestationis
1464 1287 1541 1360 &
1599 1282 1799 1365 invi-.-

151 1387 306 1470 diae
325 1440 355 1486 ,
412 1384 607 1471 dum
625 1386 977 1495 censores
995 1387 1291 1496 agimus
1318 1410 1582 1472 eorum
1606 1422 1804 1504 quo-

154 1526 329 1584 rum
369 1504 468 1586 ab
488 1503 926 1586 eruditione
957 1524 1044 1583 ut
1082 1501 1519 1587 seculorum
1541 1508 1647 1591 ita
1682 1513 1803 1592 in-

138 1617 561 1727 geniorum
617 1615 1063 1728 longiffimo
1126 1619 1488 1733 disjunffl
1545 1623 1803 1711 sumus

148 1732 592 1818 intervallo,
680 1732 839 1825 Sed
877 1731 1100 1815 simul
1153 1731 1273 1814 his
1327 1734 1597 1821 studiis
1631 1746 1798 1826 anie

151 1873 375 1928 mum
395 1847 643 1956 adjeci
667 1901 695 1944 ,
752 1867 1177 1957 praeparata
1209 1871 1549 1934 mentem
1584 1881 1799 1940 com-

153 1960 389 2070 posui
428 1961 857 2069 patientia,
912 1970 991 2045 &
1023 1959 1305 2045 sortem
1348 1964 1618 2048 talium
1653 1974 1801 2054 mi..

150 2075 390 2158 sereri·
428 2074 827 2183 optimum
861 2075 1107 2176 duxi,
1176 2077 1623 2189 dandasque
1659 2086 1794 2168 has

106 2293 109 2298 ,
152 2190 468 2299 injurias
495 2185 943 2299 ignorantiae
975 2244 1002 2285 ,
1074 2217 1248 2300 quae
1299 2189 1486 2278 facit
1527 2217 1617 2278 ut
1651 2198 1795 2285 suo

149 2305 455 2387 indicio
475 2301 814 2415 pereant.
883 2304 1126 2385 Aliud
1141 2305 1294 2387 illis
1318 2305 1530 2392 sedet
1550 2366 1578 2409 ,
1612 2317 1790 2425 qui..

150 2421 298 2508 bus
331 2421 496 2502 haec
518 2446 754 2527 parva
774 2444 1052 2527 magna
1084 2420 1132 2498 s
1121 2442 1257 2502 unt
1282 2483 1301 2515 ,
1368 2431 1445 2506 ὅ(
1472 2430 1791 2533 quinon

153 2533 517 2618 dubitant
569 2534 832 2620 dicere
866 2532 1045 2614 cu'm
1091 2539 1378 2616 Seneca
1409 2594 1438 2633 ‚
1506 2543 1609 2623 da
1643 2548 1795 2627 mi-

152 2647 237 2731 hi
270 2675 823 2760 quemcunque
857 2645 976 2729 vis
996 2651 1273 2760 *magni
1304 2653 1639 2737 nominis
1675 2663 1796 2744 vi.

154 2792 325 2847 rum
352 2822 381 2862 ,
451 2763 704 2847 dicam
747 2761 944 2871 quid
982 2763 1101 2843 illi
1150 2787 1325 2846 aetas
1380 2765 1513 2850 sua
1560 2771 1789 2883 igno.

150 2882 383 2976 verit,
405 2881 603 2989 quid
638 2881 716 2959 in
741 2877 882 2957 illo
904 2874 1149 2969 sciens
1182 2879 1789 2983 diffimulaverit‚

155 2993 305 3073 Hae
336 2995 599 3104 igitur
648 2993 884 3074 solius
930 2993 1105 3078 sunt
1156 2998 1473 3080 invidiae
1515 3022 1796 3103 voces,

154 3135 340 3219 quaei
364 3136 534 3191 non
570 3111 802 3196 ---secus
844 3110 1174 3223 actiguis
1213 3109 1507 3199 summa
1547 3122 1793 3224 petit,
