2149 3576
308 87 1118 179 Genava-monum
1165 84 1361 152 [ιιι.
1374 86 1485 156 11.
1590 110 1726 184 217

108 184 262 267 rint,
303 170 474 268 nulla
511 202 730 261 tamen
763 181 947 262 nobis
983 200 1210 279 praeter
1241 180 1446 255 solum
1486 209 1730 262 nomen
1773 249 1777 254 .

110 281 346 383 vestigia
377 279 650 369 restant.
708 286 812 354 Sat
830 279 1072 353 habent
1104 278 1355 366 dixisse,
1397 290 1728 361 Humatus

110 386 174 477 est
195 438 214 469 ,
253 373 500 479 reliqua
533 403 935 482 praetereunt.
985 377 1382 455 Combustio
1418 389 1726 462 omnibus

107 482 208 570 suis
223 487 501 557 numeris
536 482 845 580 descripta
878 481 968 554 est
999 480 1258 581 sparsim
1291 484 1328 553 ὲ
1368 489 1728 579 veteribu3‚

108 593 161 657 &
199 581 458 659 cbllecta
499 587 539 668 ὲ
569 586 721 674 viris
755 582 1169 674 doffiffimis:
1221 581 1325 659 sed
1359 584 1520 658 illud
1540 590 1727 682 quod

108 688 165 762 in
192 712 259 758 ea
286 710 511 780 quaero
537 688 741 779 fascia
778 685 984 757 sunt·
964 733 985 764 ‚
1063 675 1129 755 δε
1158 707 1311 770 cum
1335 710 1442 757 me
1473 686 1730 779 illustris

108 789 355 887 Scaliger
378 783 461 881 ad
479 783 782 857 Festum·
834 790 998 865 Sunt
1034 787 1272 883 igitur,
1306 788 1563 903 inquit,
1601 811 1724 863 tae-

113 889 244 986 niae,
260 870 498 985 quibus
514 883 710 958 fasciis
730 885 1226 959 involvebantur
1248 891 1532 974 mortui,
1568 917 1728 984 quas

112 1018 318 1074 naam,-
359 986 701 1059 vocabant.
772 986 1030 1082 Qbus
1063 989 1357 1065 Romani
1396 1013 1530 1060 non
1580 1012 1736 1063 ute-·
1837 1063 1840 1069 .

109 1085 364 1173 bantur,
397 1085 583 1182 quod
602 1071 901 1161 cadavera
916 1086 1391 1167 comburerent.
1442 1094 1529 1159 Et
1546 1088 1724 1163 hunc

111 1187 428 1287 impugnat
450 1184 783 1265 Salmafius
804 1186 882 1258 ad
893 1184 1143 1262 Histor.
1166 1186 1442 1286 August.
1468 1187 1562 1262 his
1580 1219 1727 1264 ver-

110 1287 231 1362 bis:
285 1288 527 1361 Obiter
541 1292 734 1360 etiam
752 1286 878 1380 hoc
892 1284 1125 1359 addam
1148 1286 1350 1371 videri
1367 1286 1591 1362 falsum
1607 1291 1736 1364 effe·

110 1386 533 1481 doffiffimum
558 1391 774 1462 virum
812 1384 928 1484 qui
952 1385 1187 1485 scripsit
1221 1393 1560 1464 Romanos
1592 1419 1727 1465 non

111 1490 241 1562 usos
259 1488 383 1562 effe
400 1487 598 1588 fasciis
621 1481 703 1562 ad
721 1486 1148 1561 involvendos
1164 1510 1503 1575 mortum,
1543 1483 1732 1587 quod

112 1615 365 1690 corpora
380 1616 608 1664 eorum
629 1590 1084 1665 comburerent
1100 1587 1206 1661 sed
1234 1589 1395 1663 solos
1411 1596 1723 1674 Gra-cos·

111 1717 291 1785 quem
312 1717 434 1764 nos
451 1691 597 1784 alibi
614 1716 895 1762 errorem
916 1693 1133 1762 multis
1148 1689 1608 1791 castigabimus.
1651 1703 1736 1767 O

112 1791 150 1874 fi
171 1791 334 1866 hanc
348 1796 625 1892 gratiam
643 1791 870 1864 muffet
888 1795 921 1864 a
946 1780 1355 1890 posteritate
1326 1829 1351 1865 o
1376 1828 1549 1879 mum,
1572 1824 1732 1891 quas

85 1892 548 1981 difficultates,
594 1918 739 1988 quae
758 1919 928 1968 nunc
946 1892 1005 1964 se
1028 1893 1315 1989 undique
1346 1891 1629 1983 offerunt
1662 1907 1774 1979 δε,

107 1996 374 2094 legentes
409 1995 887 2068 circumvallant
909 2044 930 2079 ‚
980 1997 1081 2069 vel
1107 2021 1242 2066 uno
1259 2048 1279 2080 ‚
1320 1995 1535 2113 ’quod
1549 2000 1730 2103 ajunt

107 2093 376 2194 digitulo
411 2079 760 2169 sustulisset.
832 2101 912 2167 In
947 2095 1143 2169 verba
1176 2098 1349 2166 tanti
1370 2098 1489 2166 viri
1510 2099 1725 2187 jurare

107 2200 342 2269 crimen
363 2222 500 2283 non
520 2218 806 2294 putarem
823 2247 845 2280 ,
871 2195 1000 2266 sed
1023 2193 1193 2310 quid·
1206 2194 1422 2278 faciaS,
1446 2195 1556 2266 ubi
1578 2197 1730 2268 fon-

106 2316 187 2372 tes
206 2301 411 2371 totius
433 2280 659 2370 nostrae
682 2297 946 2369 scientiae
967 2293 1193 2374 aliuds
1177 2320 1317 2365 imo
1336 2300 1728 2381 contrarium

108 2396 386 2471 suadent.
437 2404 616 2482 Nam
639 2401 783 2494 quis
799 2417 1021 2505 togam
1039 2396 1422 2491 Latinorum
1444 2397 1729 2491 ignorat}

53 2496 424 2597 Juvenalis
443 2503 568 2571 Sat.
601 2527 629 2570 1
652 2526 676 2571 1
696 2525 750 2570 ι.

102 2613 127 2636 ·’
195 2609 359 2673 Pars
379 2626 603 2701 magna
628 2603 818 2673 lealiae
837 2651 858 2706 ⁹.
876 2601 941 2692 st
956 2625 1178 2671 verum
1205 2595 1638 2681 admittimus,
1667 2610 1738 2696 iq

482 2728 610 2794 qua

198 2803 410 2877 Nemo
428 2820 631 2901 togam
633 2804 833 2899 fhmtt
854 2806 965 2899 nisi
935 2819 1256 2873 :mortuus
1371 2895 1376 2899 ,

104 2904 414 3011 Virgilius
434 2902 545 2973 lib.
563 2927 606 2979 x
634 2929 691 2973 1.
711 2901 1052 2991 AEneid05‚

196 3006 367 3074 Tum
372 3029 645 3102 gemmas
660 3004 841 3093 vestes
856 3003 1117 3098 ostroque
1128 3026 1398 3096 auroque
1417 3015 1672 3104 rigentes

204 3109 463 3177 Extulit
483 3110 762 3195 fimas,
788 3130 932 3202 quas
953 3106 1037 3174 illi
1057 3104 1185 3172 laeta
1206 3100 1484 3176 laborum

954 3207 1119 3297 05
1458 3222 1463 3229 ’
1598 3205 1738 3294 Ipsa.-
