2149 3576
429 146 508 220 μ
672 180 673 183 ,
788 123 1243 203 Grsssssnrt
1290 122 1655 192 Comaru
1757 130 1762 137 '

421 228 572 296 Nee
601 219 745 317 quis
772 220 937 294 mihi
969 224 1140 296 dicat
1155 271 1179 306 ‚
1212 218 1303 290 ibi
1333 220 1402 290 in
1434 220 1597 291 vitio
1627 219 1787 316 poni
1818 244 2085 297 vocem

422 319 591 394 hanc
606 372 628 405 ‚
681 345 832 393 curn
850 327 1104 397 Αυᾶοι·
1119 321 1418 394 carminis·
1441 317 1525 393 ad
1551 317 1851 392 Pisonem
1882 319 2081 397 dicat

424 419 511 497 de
524 423 802 521 Virgilio
818 473 840 506 ‚
1874 491 1882 499 .

523 527 795 607 Forsitan
810 526 963 596 illius
981 534 1236 594 nemoris
1255 518 1510 614 latuifflet
1524 529 1591 591 in
1606 519 1832 594 umbra

520 623 723 719 Quod
738 634 901 693 canit
920 635 994 706 ὠ
1010 623 1190 705 sterili
1208 621 1755 717 tantumcdntaeffl’t
1768 647 2008 693 avena.

419 720 708 819 Respicit
739 723 914 794 enim
946 723 1038 793 ibi
1067 719 1150 792 ad
1182 723 1512 799 materiam
1540 770 1560 806 ,
1583 746 1732 817 quqe
1757 722 1904 793 vilis
1915 722 2071 794 satis

340 832 345 838 ’
420 829 488 893 &
520 818 735 892 sterilis
768 873 789 906 ‚
845 819 894 893 fi
930 848 1083 895 cum
1116 823 1191 894 iis
1227 841 1680 918 comparentur
1709 871 1731 904 ‚
1799 846 1952 915 quae
1989 824 2063 907 in

420 920 705 995 AEneide
719 920 974 1020 scripfit.
1027 927 1117 993 Et
1149 941 1223 992 ut
1240 929 1460 993 Poe’tae
1478 921 1895 993 carmina'sua
1928 919 2067 994 filis

417 1022 784 1117 caeterisque
834 1025 977 1093 artis
1028 1025 1316 1093 textoriae
1366 1017 1801 1093 instrumentis
1842 1020 2062 1093 solent

420 1119 708 1199 conferre
721 1175 745 1207 ‚
796 1125 884 1194 ita
901 1130 965 1194 δι
997 1120 1162 1195 hanc
1178 1145 1425 1196 vocem
1455 1119 1605 1193 Inde
1637 1122 2010 1219 petiverunt
2030 1150 2052 1194 t

424 1220 634 1295 ovid.
653 1225 699 1293 1.
720 1232 786 1297 6.
805 1227 977 1295 Met.
1426 1250 1436 1256 ·

403 1369 407 1375 -
521 1323 727 1396 Haud
758 1350 932 1394 mora
966 1354 985 1399 t
1055 1319 1412 1416 constituunt
1459 1321 1708 1414 diverfis
1760 1320 2051 1420 partibus

696 1421 883 1494 amba
973 1490 982 1498 .
1743 1456 1744 1461 ¹

525 1525 616 1593 Et
622 1527 845 1623 gracili
852 1534 1125 1622 geminas
1138 1524 1462 1594 intendunt
1463 1523 1725 1616 stamine
1737 1526 1912 1593 telas.

415 1619 580 1695 Inde
603 1624 777 1693 enim
792 1620 1124 1718 sumptum
1146 1619 1235 1692 est
1253 1623 1580 1695 deductum
1605 1648 1848 1694 carmen
1866 1621 2047 1719 apud

415 1724 659 1795 Catull.
687 1747 883 1794 car-m.
907 1747 949 1794 L
967 1748 1009 1795 x
1027 1749 1091 1798 V.
1130 1744 1383 1796 tenuare
1399 1734 1673 1797 carmina
1690 1720 1860 1822 apud
1876 1728 2046 1796 Pro-

415 1841 579 1923 pert.
597 1824 644 1893 l.
666 1848 722 1919 3.
743 1826 927 1922 Eleg.
952 1849 980 1894 1
993 1874 1012 1893 .
1051 1832 1125 1906 (ξ’
1143 1821 1463 1896 brevitatis
1485 1823 1817 1918 tenuiffimae
1839 1840 1904 1896 in
1919 1836 2046 1919 epi-

400 1922 559 2016 stola
573 1926 1058 2023 eleganeissemum
1054 1925 1247 2019 filum
1260 1922 1431 2022 apud
1460 1926 1637 1997 Gen.
1658 1949 1765 1995 20.
1792 1951 1857 1996 v.
1890 1923 2041 2004 Nifi

411 2024 560 2118 quis
591 2025 745 2096 velit
777 2024 812 2094 ὲ
829 2021 1185 2122 lapidicinis
1198 2021 1561 2097 transsatam
1579 2061 1602 2108 ·‚
1651 2049 1805 2096 curn
1811 2029 2042 2125 gracile

411 2148 689 2197 marmor
734 2120 983 2197 dicatur
1012 2122 1200 2220 quod
1223 2121 1323 2195 est
1351 2125 1646 2223 'glabrum
1680 2132 1747 2196 δε
1777 2126 1922 2197 laevi
1969 2152 2038 2198 a·

406 2243 554 2297 tum
570 2275 594 2309 ,
645 2221 841 2320 quod
858 2222 1095 2323 digitos
1116 2235 1544 2322 percurrentes
1571 2250 1707 2296 non
1736 2222 1914 2297 offen
1967 2229 2036 2300 't.

407 2328 509 2397 Ita
523 2326 698 2396 enirn
713 2323 872 2398 illud
884 2328 1271 2422 interpretor
1286 2321 1455 2424 apud
1471 2328 1635 2397 Plin.
1653 2328 1696 2397 1.
1722 2347 1779 2417 5.
1796 2346 1902 2421 ep.
1915 2353 1961 2398 v
1979 2351 2032 2396 1.

402 2431 467 2496 E
486 2423 744 2520 stibadio
761 2450 929 2523 aqua
953 2475 979 2511 ,
1028 2426 1243 2519 inquit
1260 2478 1283 2511 ‚
1334 2430 1508 2498 velut
1520 2432 1780 2524 expressa
1796 2425 2035 2520 cuban-

403 2529 574 2600 tium
598 2525 856 2625 pondere
876 2530 1213 2625 sipunculis
1260 2526 1460 2625 effluit
1486 2573 1507 2606 ‚
1580 2546 1805 2597 cavato
1836 2527 2033 2625 lapide

391 2628 721 2725 fiissipitur
746 2676 770 2710 ,
803 2630 1024 2726 gracili
1068 2647 1368 2700 marmore
1405 2636 1742 2700 continetur
1768 2675 1791 2710 ‚
1837 2646 2030 2722 atque

404 2730 747 2798 ita-occulte
765 2747 1141 2823 ,temperatur
1154 2775 1177 2810 ,
1210 2748 1281 2797 ut
1314 2729 1553 2825 impleat
1583 2775 1606 2809 ‚
1660 2753 1766 2800 nec
1800 2728 2030 2800 redun-

404 2826 541 2925 deit,¹
576 2822 698 2902 Sed
714 2826 984 2902 alterum
998 2823 1165 2908 mihi
1184 2826 1398 2927 potius
1411 2823 1704 2903 xvidetur-
1825 2893 1830 2896 .

1743 3128 2022 3208 Cari
