2149 3576
681 109 764 192 D
828 136 874 191 E
942 139 1031 190 n
1056 139 1092 192 1
1147 140 1209 194 c
1267 137 1320 195 A
1367 138 1448 197 T
1505 139 1540 195 1
1596 121 1677 194 0.·

349 226 452 309 de
491 225 736 337 gradu
769 225 1101 335 dejicere
1133 251 1560 323 conantur,
1589 222 1990 346 genusque

350 341 808 424 eruditionis
857 362 1137 449 putant
1177 369 1311 424 eos
1359 339 1603 424 odiffe
1649 390 1676 432 ‚
1748 365 1990 450 atque

350 442 454 537 de
482 456 712 538 laude
759 452 1342 539 elariffimorum
1380 456 1868 567 ingeniorum
1903 484 1987 537 a-

349 572 518 679 pud
551 570 1000 677 imperitum
1037 568 1316 681 vulgus
1345 570 1705 653 delibare.
1768 567 1993 655 Mala

351 703 610 770 mens,
654 683 902 765 malus
934 685 1283 766 animus:
1327 693 1406 768 Sc
1456 686 1535 765 se
1563 683 1987 767 laureolam

349 793 702 880 meruisse
723 801 1213 881 contendunt
1228 840 1255 896 ,-
1271 800 1458 881 dum
1467 794 1797 891 brevem,
1815 796 1986 881 sen-

349 915 678 997 tentiam
710 910 864 993 five
882 911 1233 995 Graecam
1255 912 1405 994 five
1427 912 1786 995 Latinam
1825 914 1988 997 cla·

351 1054 571 1110 more
601 1028 950 1123 summO,
983 1053 1163 1108 curn
1201 1024 1462 1109 labore
1500 1054 1871 1110 maxumo
1899 1037 1985 1110 e-'

346 1142 690 1235 rufi-ant,
716 1160 953 1250 atque
980 1165 1138 1223 tam
1157 1141 1295 1223 vili
1318 1142 1391 1222 se
1406 1142 1773 1225 doetrinae
1795 1142 1983 1224 cho-

346 1261 567 1369 ragio
585 1256 883 1366 jassant
905 1264 979 1339 ὅτ
1010 1256 1442 1341 venditant.
1506 1257 1774 1364 Qam
1808 1258 1985 1367 qui·

200 1422 233 1449 ει
344 1378 530 1457 dem
565 1369 866 1453 causam
896 1398 1113 1468 reor,
1131 1383 1221 1453 ut
1237 1367 1315 1453 se
1336 1393 1617 1479 putent
1638 1373 1722 1452 in
1744 1371 1986 1457 alium

351 1511 722 1569 terrarum
753 1485 1021 1567 orbem
1056 1486 1412 1579 delato&
1462 1488 1789 1596 quando
1809 1514 1986 1570 eru-

317 1602 535 1705 ‘ditis
579 1598 898 1697 adsunt,
931 1608 1007 1683 δε
1043 1600 1147 1681 de
1183 1602 1496 1708 optimo
1546 1628 1824 1711 genere
1855 1602 1987 1683 dia-

350 1716 621 1814 cendi,
661 1716 761 1796 de
800 1715 1419 1825 Antiquitatibus
1443 1772 1487 1813 ‚,
1506 1714 1986 1826 emendatiq-

344 1831 572 1913 nibus
619 1832 876 1937 deque
899 1829 1310 1940 ,utriusque
1342 1830 1718 1914 sermonis
1748 1833 1984 1943 genio

345 1947 733 2030 sermones
763 1945 1166 2029 ceduntur.
1231 1946 1450 2026 Hine
1489 1946 1637 2027 illae
1677 1943 1982 2060 lachry'-

347 2087 521 2142 mae
508 2119 578 2162 ,
591 2068 666 2143 &
692 2061 880 2141 dum
903 2060 1028 2142 vel
1066 2059 1243 2142 stilo
1272 2060 1598 2169 epistola
1629 2063 1974 2144 conden-

345 2178 447 2257 da
467 2174 624 2271 est,
622 2176 723 2255 in
751 2201 1034 2257 vanum
1076 2174 1381 2284 pulpita
1403 2176 1869 2280 percutiunt,
1893 2185 1976 2266 &

340 2293 626 2373 rodunt
649 2314 936 2416 ungues
951 2290 1471 2399 nequicquam
1505 2287 1976 2399 profuturos.

346 2405 697 2514 Hocque
736 2406 831 2483 i1s
884 2405 1385 2487 tribuendum
1424 2405 1533 2485 est
1570 2463 1597 2503 ,
1654 2408 1794 2513 qui
1832 2408 1975 2490 Ci-

324 2514 698 2603 ¹ceronem
719 2517 1063 2627 aliosque
1084 2520 1429 2628 optimos
1446 2519 1560 2599 nil
1588 2518 1725 2600 nifi
1748 2519 1977 2627 phra-
2007 2583 2028 2602 .

340 2634 453 2717 ses
490 2634 711 2744 loqui
729 2635 1214 2734 docuerunt,
1248 2631 1528 2744 easque
1550 2659 1976 2741 excerpen-

338 2751 509 2848 do,
583 2749 957 2840 edendo,
1029 2758 1108 2833 &
1173 2746 1543 2832 discendo
1596 2775 1972 2857 compen-

338 2867 557 2949 dium
612 2861 882 2943 studiis
919 2886 1294 2970 quaerunt.
1369 2863 1670 2974 Neque
1708 2873 1971 2945 tamen

335 2982 538 3062 adeo
596 2976 755 3056 haec
818 2979 1229 3092 contagio
1256 2977 1607 3060 omnium
1668 2978 1971 3061 animos

333 3092 581 3174 veluti
617 3083 1005 3199 pestilenti
1045 3091 1284 3177 fidere
1336 3092 1636 3182 afflavit
1655 3140 1694 3196 ,
1741 3115 1832 3177 ut
1860 3091 1976 3176 de

1760 3228 1954 3292 tem·
