2149 3576
431 82 557 158 ¹“66
695 137 704 146 .
791 73 1285 151 stn‘E-rtn
1330 72 1721 153 Cumani

457 196 798 282 ponuntur
810 204 931 278 pro
943 181 1268 258 Romanis
1287 229 1311 264 ‚
1358 187 1426 251 &
1441 198 1600 251 tunc
1617 202 1844 251 omnes
1852 178 2091 279 species

453 282 608 353 alias
639 275 1200 379 comprehendunt
1238 329 1262 365 ‚
1313 283 1417 352 vel
1445 281 1591 351 aliis·
1616 304 2051 378 opponuntur
2067 339 2087 372 ‚

462 401 542 453 ut
574 401 784 480 togata
815 377 1085 454 diversae.
1112 381 1151 449 a
1189 382 1613 478 praetextatis,
1663 387 1731 451 &
1749 381 2048 458 trabeatis
2069 439 2088 470 ‚

453 486 532 554 δε
551 499 936 582 tunctogatae
965 480 1304 578 respiciunt
1340 482 1708 579 populum,
1747 505 1904 553 cum
1941 508 2087 583 prae-

459 601 709 654 textaetae
740 579 864 654 fint
886 580 1296 679 personarum
1320 579 1674 653 illustrium
1709 630 1732 666 ,
1782 601 1860 653 ut
1889 588 2085 659 Sena-

455 700 717 768 torum,
751 689 825 754 &
860 707 1091 753 eorum
1122 684 1247 776 'qui
1281 703 1434 781 toga
1472 701 1776 778 praetexta
1790 751 1795 756 ,
1810 685 2082 758 uteban-

454 801 617 857 tnrz
651 782 899 856 harum
934 780 1438 856 Comoediarum
1476 780 1741 880 scriptor
1770 780 1899 855 fixit
1925 791 2080 858 Per-

452 879 582 957 fius
597 935 620 970 ,
662 885 919 957 Aufflcor
939 886 1087 956 vitae
1103 885 1235 978 ejus
1262 909 1286 954 :-
1316 887 1638 981 Scripserat
1653 887 2076 983 etiaminpue-

449 994 601 1056 ritiae
627 990 768 1080 ejus
809 989 1064 1057 Flaccus*
1093 1005 1469 1081 praetextam.
1553 982 1882 1055 Trabeasas
1923 1011 2080 1059 vero

450 1087 648 1179 Cajus
665 1082 959 1159 Melissus
987 1086 1273 1178 invenit3
1322 1090 1585 1157 Sueton.
1602 1108 1737 1182 cap.
1759 1109 1866 1155 21.
1896 1084 1983 1157 de
2001 1089 2077 1159 il-

428 1182 605 1256 lust.
636 1189 1009 1260 Grammat.
1057 1194 1221 1257 Fecit
1245 1195 1319 1268 ὠ·
1355 1210 1590 1256 novum
1596 1210 1786 1285 genus
1810 1189 2077 1286 ngatae-

450 1312 638 1372 rum,
681 1289 1083 1386 inscripsitque
1098 1291 1170 1359 T
1155 1285 1468 1358 rabeatas:
1518 1286 1586 1355 in
1619 1310 1791 1382 quas
1812 1291 2073 1384 procul-

446 1382 663 1457 dubio
696 1387 1050 1460 introduffi
1089 1385 1599 1484 triurnphantes,
1671 1387 1908 1481 aliique
1958 1393 2070 1485 qui

444 1487 676 1559 trabeae
703 1492 814 1583 jus
848 1486 1167 1559 habebant
1192 1539 1215 1571 ,
1266 1495 1333 1558 δε
1380 1484 1550 1557 forte
1588 1484 1782 1558 etiarn
1836 1494 2070 1588 Reges.

446 1583 660 1678 Qod
700 1585 752 1657 s1
772 1610 1005 1682 verum,
1022 1637 1043 1671 ,
1095 1585 1357 1683 peffi‘me
1399 1611 1507 1659 eas
1531 1584 1914 1659 Comoedias
1952 1616 2066 1661 vo-

436 1704 587 1756 cant
611 1734 631 1766 ‚
682 1710 834 1758 cum
875 1689 956 1758 ἐκ
974 1684 1252 1783 personis
1292 1687 1471 1759 facile
1511 1689 1845 1784 colligatur
1871 1691 2062 1762 talem

433 1779 722 1859 fabulam
740 1788 984 1860 nullam
1001 1790 1186 1860 aliam
1204 1785 1321 1860 nifi
1337 1785 1762 1887 Tragoediam
1779 1785 1901 1861 effe
1921 1792 2060 1889 pos-

432 1883 496 1957 se
516 1938 539 1972 ‚
593 1912 792 1983 quare
828 1886 912 1960 de
935 1888 1267 1961 Trabeatis
1298 1914 1421 1988 ego
1441 1886 1711 1983 quidem
1749 1895 2058 1989 amplian-

434 1985 600 2058 dum
620 1988 863 2061 censeo.
913 1995 1246 2064 Caeterum
1263 1994 1562 2063 Donatus
1582 2041 1603 2072 ,
1636 1992 1763 2063 alio
1781 1994 1935 2062 loco
1947 1993 2059 2065 ad-

431 2085 531 2159 dit
572 2092 992 2189 Grepidatas:
1063 2096 1253 2163 Sicut*
1268 2094 1436 2190 apud
1472 2098 1699 2161 Graecos
1732 2140 1750 2167 ,
1793 2094 2017 2188 inquit
2034 2145 2054 2179 ‚

430 2190 646 2285 δῷἅμοι
667 2242 686 2271 ,
707 2191 986 2290 fic³apud
1007 2196 1260 2263 Latinos
1282 2184 1876 2294 generaliterfhbula
1908 2195 2064 2287 dici<

430 2307 543 2359 tur
557 2338 581 2375 ‚
618 2292 798 2386 cujus
821 2297 1039 2389 species
1056 2292 1215 2386 siant
1236 2342 1256 2376 ‚
1306 2291 1626 2392 Tragoedia
1644 2343 1666 2377 ‚
1704 2297 2012 2365 comoedta
2035 2345 2055 2379 ‚

427 2394 695 2488 ngata,
719 2390 1124 2479 uberum,
1163 2400 1464 2465 Praetexta
1481 2445 1502 2475 ‚
1543 2394 1894 2490 Capidava,
1919 2403 2057 2466 At-

423 2493 649 2565 tellanae
665 2540 685 2575 ‚
726 2494 948 2570 Μικπῗς
966 2542 988 2576 ,
1021 2493 1399 2565 Rhintonica.
1450 2491 1847 2565 Tabernarias
1869 2515 2058 2568 utro-

425 2587 629 2684 bique
650 2594 687 2662 3
709 2593 939 2691 togatis
958 2589 1293 2692 distinguit
1308 2646 1329 2680 ‚
1366 2602 1512 2688 quae'
1525 2596 1613 2666 ita
1628 2591 1837 2679 dietat,
1855 2594 2053 2692 quod

397 2708 588 2761 'cum
621 2691 896 2763 tabernis
945 2691 1140 2766 scenae
1176 2692 1675 2795 disponebantur
1708 2746 1731 2780 ‚
1798 2702 1866 2766 δε
1898 2699 2053 2768 ulti-

422 2795 613 2859 murn
644 2792 982 2889 capiebant·
1003 2819 1206 2891 genus
1228 2793 1579 2867 hominum
1598 2848 1618 2881 ‚
1671 2797 1788 2889 qui
1808 2799 2049 2869 tunicis

419 2885 669 2979 induGti
691 2912 894 2986 partes
912 2892 1334 2993 suasagebant
1349 2947 1371 2980 ,
1410 2916 1485 2967 ut
1502 2900 1588 2969 ait
1603 2894 1815 2994 Julius
1833 2897 2052 2969 Caesar

416 2986 708 3080 Scaliger.
759 2997 998 3085 Neque
1023 2998 1199 3067 enim
1220 2993 1406 3070 Festo
1419 2995 1714 3070 assentior
1733 3048 1755 3079 ,
1779 2999 1899 3090 qui
1916 3001 1997 3066 T
1977 3025 2055 3068 a·

416 3080 722 3159 bernerias
753 3091 841 3165 ait
873 3087 1054 3165 fuiffe
1071 3145 1100 3182 ‚
1144 3097 1216 3173 in
1252 3094 1489 3200 quibus
1518 3096 1897 3172 hominibus
1930 3123 2054 3172 ex·

487 3236 492 3241 ·
846 3216 854 3226 “
1807 3201 2055 3274 cellen-
