2149 3576
717 101 800 184 D
861 123 909 178 E
980 116 1134 174 οἰ
1196 102 1497 167 car
1560 101 1596 157 1
1656 99 1739 159 o.

415 224 524 312 Et
548 217 743 334 quid
763 209 981 298 aliud
1007 199 1206 289 mihi
1223 195 1703 283 voluntatem
1722 185 2081 276 vestram

413 329 877 425 ‘conciliavit
900 337 928 407 ἓ
985 314 1251 421 Mihi,
1288 312 1615 421 inquam
1630 359 1658 402 ‚
1681 331 1932 417 ‚quem
1952 331 2077 390 ex

418 449 701 538 Galliis
740 438 1023 549 amplis
1062 424 1656 518 conditionibus
1711 420 2080 504 accitum

426 567 597 679 spei
633 571 711 650 &
729 559 937 646 votis
979 565 1384 664 parentum
1420 533 1870 622 admovistis
1885 590 1916 635 ,
1982 541 2078 620 &

428 686 517 768 in
552 701 789 791 quem
817 668 1083 754 omnia
1114 658 1403 746 {vobis
1443 648 1795 764 profeEta
1836 647 2080 763 sung,

425 822 603 907 quae
635 792 740 876 ad
775 779 1288 871 commodum
1319 828 1349 872 ,
1403 793 1579 880 quae
1610 766 1713 850 ad
1733 763 2085 876 dignita-⁶

418 937 585 997 *tem
613 959 640 1002 ‚
680 928 876 1018 quae
930 897 1031 981 ad
1078 893 1464 977 honorem
1545 879 2079 991 pertinerent:

434 1054 594 1138 qua
624 1048 707 1104 re
745 1025 893 1102 'am
935 1013 1124 1096 inde
1159 1005 1257 1089 ab
1292 1000 1530 1084 initio
1572 992 1879 1080 fabrum
1908 992 2086 1091 est,

436 1163 528 1227 ut
553 1049 762 1220 nihii!
783 1126 1176 1239 antiquius
1198 1113 1597 1219 habuerim
1633 1164 1662 1208 ‚
1719 1127 1958 1219 quam
1982 1114 2084 1192 ut

436 1251 753 1367 publice
801 1240 1301 1330 monstrarem
1336 1257 1466 1313 me
1507 1220 2083 1323 beneficiorum

439 1395 617 1454 eam
657 1386 894 1477 quam
941 1382 1084 1468 par
1115 1348 1225 1435 est
1260 1342 1715 1430 memoriam
1753 1336 2085 1422 servare.

441 1484 727 1594 Itaque
745 1479 826 1563 in
843 1475 1001 1559 hoc
1018 1465 1413 1554 austorem
1432 1481 1688 1542 rerum
1716 1474 2082 1536 naturam

442 1595 728 1709 sequor
754 1634 782 1690 ς
839 1590 1056 1697 cujus
1087 1598 1377 1663 aeterna
1407 1573 1579 1684 lege
1628 1591 1720 1653 ut
1749 1565 2088 1650 flumina

442 1711 736 1799 vastam
752 1702 966 1790 illam
987 1708 1067 1786 &
1088 1687 1543 1778 immensam
1558 1683 1937 1798 originem
1964 1708 2092 1763 re-

448 1846 734 1941 petunt
764 1880 786 1913 ,
845 1820 957 1903 ita
974 1817 1119 1899 hos
1149 1808 1391 1895 libros
1411 1804 1561 1887 illis
1582 1801 1875 1897 reddo,
1933 1797 2087 1908 qui
2147 1905 2149 1912 Ι

451 1968 582 2025 me
614 1933 1038 2023 honoribus
1071 1937 1151 2013 &
1187 1919 1522 2035 praemiis
1545 1913 1930 2028 augendo
1964 1936 2089 1995 ta-

436 2056 594 2140 citi
630 2050 846 2138 velut
895 2045 1248 2131 anaores
1276 2034 1590 2121 fuerunt
1618 2027 1922 2140 aliquid
1948 2045 2088 2111 au-
2147 2067 2149 2070 ·

415 2168 720 2255 ·dendi.
798 2159 1063 2254 Vobis
1134 2155 1371 2267 igitur
1440 2172 1676 2261 quam
1734 2141 2087 2226 maxime
2147 2169 2149 2192 =

451 2313 581 2369 me
602 2279 1013 2395 probatum
1034 2271 1274 2379 cupio
1306 2322 1336 2366 ,
1389 2262 1614 2375 quod
1635 2284 1827 2342 num
1847 2255 2089 2367 poffit
2147 2265 2149 2314 ³

455 2397 808 2511 praestare
854 2392 986 2474 hic
1036 2387 1330 2498 primus
1373 2376 1663 2489 ingenii
1714 2374 1873 2455 mei
1929 2371 2088 2454 foea-
2147 2371 2149 2454 ;

457 2539 582 2601 tus
600 2570 629 2611 ‚
682 2507 1207 2597 &studiorum
1228 2490 1694 2609 periculum,
1739 2484 2085 2574 vestrum
2147 2489 2149 2512 ²

459 2630 612 2712 e'rit
621 2622 1001 2736 judicium
1019 2677 1049 2719 ,
1098 2614 1343 2702 vestra
1358 2605 1850 2693 existimatio.
1910 2600 1999 2686 N
2005 2628 2085 2683 e-

461 2772 621 2855 que
675 2764 934 2821 tamen
971 2734 1173 2818 adeo
1207 2724 1407 2810 mihi
1439 2723 1716 2834 placeo
1738 2784 1761 2820 ,
1822 2738 1911 2800 ut
1951 2740 2091 2799 ne-
2147 2783 2149 2790 .

332 2841 338 2846 ⁵
457 2860 697 2976 seiam
728 2854 970 2961 majus
1012 2844 1210 2960 quid
1237 2851 1324 2929 δε
1354 2835 1742 2952 augustius
1773 2828 1923 2916 effe
1955 2833 2090 2916 de-

463 2974 644 3055 bere
663 3026 691 3067 ,
747 2968 969 3077 quod
1000 2959 1265 3048 vestris
1302 2950 1753 3039 nominibus
1847 2972 2091 3032 raeno·

463 3106 714 3170 tatum
770 3080 918 3165 fit:
993 3076 1131 3162 sed
1193 3094 1286 3157 ut
1339 3070 1721 3184 primitias
1797 3171 1808 3174 1
1896 3051 2089 3179 gum

1844 3178 2085 3280 etiam
2147 3217 2149 3226 ·
