2149 3576
658 114 1744 194 nauscam-10„

350 224 510 307 alta
536 223 906 323 Athenis,
945 228 1230 310 Romae
1266 249 1476 311 vero.
1493 221 1822 305 exculta
1833 221 1996 318 est;

360 365 445 424 ut
467 345 639 447 jure
688 343 1160 452 gloriamsi
1109 338 1199 422 fit
1248 339 1602 436 Cicero,
1672 337 1995 431 Latinos

353 457 621 536 omnia
655 454 1023 538 invenisse
1052 452 1329 535 melius
1363 479 1596 564 quam
1631 451 1987 541 Graecos,

205 568 210 575 ’
322 612 327 615 ·
349 593 485 650 aut
505 571 603 651 ab
622 568 775 651 illis
800 594 1121 676 accepta
1148 565 1416 649 fecisse
1427 568 1769 650 meliora.
1831 562 1996 651 Ut-

349 707 508 791 que
536 708 725 768 tunc
764 706 925 768 etat
966 680 1460 792 superstitio,
1544 708 1701 791 qua
1752 707 1993 763 omne

348 800 543 885 utile
577 800 951 884 Divinum
988 799 1186 909 quid
1220 794 1649 905 putabunt,
1709 795 1993 877 Erudi-

346 912 647 997 tionem
669 916 903 997 etiam
930 919 1177 998 Deam
1213 908 1599 1007 fecerunt3
1660 907 1842 992 hinc
1875 912 1993 999 sa-

349 1051 603 1113 cratus
626 1029 1002 1114 Hercules
1031 1024 1433 1138 Musageta
1440 1084 1475 1124 ‚
1512 1025 1814 1132 Apollo
1836 1024 1989 1107 ser-

347 1169 672 1227 monum
705 1142 925 1227 Deus
956 1210 976 1241 ,
1040 1151 1121 1227 &
1153 1145 1561 1228 Camoenae
1595 1143 1812 1245 suum
1848 1139 1992 1224 fibi

338 1257 614 1345 lucum
659 1311 682 1352 ‚
762 1263 977 1342 suam
1019 1256 1159 1339 fibi
1223 1260 1471 1341 aedem
1529 1256 1981 1341 habuerunt

346 1373 1007 1458 Commoditates
1017 1374 1155 1455 ubi
1173 1394 1588 1487 apparent,
1636 1372 1842 1454 coelo
1862 1400 1986 1455 ar-
2077 1422 2080 1425 2
2145 1460 2149 1477 1

300 1503 307 1508 ’
346 1509 504 1568 tem
527 1489 783 1569 locare
821 1492 1201 1597 cupiunt,
1253 1516 1489 1599 quam
1507 1480 1976 1573 afflixerant
1954 1547 1984 1589 ‚

341 1602 840 1713 probantque
890 1632 1046 1686 uno
1084 1630 1220 1683 ore
1257 1606 1460 1685 illud
1499 1602 1981 1687 disertisnmi

346 1716 716 1802 Consulis
758 1718 852 1804 *sC
890 1745 940 1798 E
990 1743 1127 1798 ΠΛ
1171 1749 1228 1800 N
1266 1745 1327 1801 T
1401 1724 1718 1803 Anna
1788 1721 1981 1802 To-

352 1858 411 1914 G
442 1861 547 1934 AE:
607 1830 932 1942 haecque
960 1856 1122 1928 erat
1153 1833 1284 1916 illa
1321 1832 1694 1942 sapientia
1718 1835 1931 1941 pacis
1953 1901 1971 1933 ,

346 1972 504 2054 qua
544 1974 695 2026 non
724 1950 974 2029 minus
1012 1975 1248 2057 quam
1285 1951 1567 2031 virture
1590 1947 1773 2029 belli
1802 1946 1976 2030 R04

345 2085 826 2168 man1.caput
848 2060 1197 2145 extulisse
1224 2059 1595 2144 verissime
1632 2063 1824 2142 olim
1849 2066 1975 2171 ju-

342 2174 640 2257 dicavit
700 2177 914 2257 bonae
992 2178 1274 2258 mentis
1337 2204 1593 2283 *capax
1654 2174 1977 2266 foemina

345 2290 715 2396 Sulpicia.
772 2294 873 2376 Et
904 2293 1012 2373 ita
1036 2292 1634 2401 ⁴quidemsinitio
1665 2293 1816 2373 suis
1848 2291 1976 2374 lit-·

232 2425 236 2430 ’
341 2408 523 2486 teris
542 2406 887 2488 Romani
907 2406 1233 2489 instituti
1253 2408 1468 2499 sunt,
1509 2408 1765 2487 donee
1787 2433 1971 2513 pro-

225 2515 242 2532 ’
338 2517 515 2602 latis
551 2520 857 2627 imperii
892 2515 1238 2603 terminis
1278 2522 1720 2603 Graecarum
1756 2550 1976 2603 amor

284 2670 290 2675 ·
337 2661 474 2713 eos
528 2634 800 2714 invasit
830 2679 861 2730 v3
933 2635 1099 2731 his,
1175 2663 1329 2716 non
1381 2635 1593 2718 secus
1631 2664 1733 2718 ac
1791 2659 1980 2721 ante·
2038 2663 2048 2681 ·

332 2744 678 2829 Etruscis
701 2806 718 2833 .
780 2747 834 2829 fi
867 2776 1042 2832 vera
1076 2748 1281 2832 fama
1312 2747 1421 2829 est
1435 2806 1463 2848 ‚
1513 2750 1968 2832 erudieban-

335 2882 506 2957 tur,
555 2864 705 2944 illis
740 2891 1058 2991 operam
1085 2862 1450 2946 affiduam
1479 2864 1772 2948 dabant
1807 2921 1828 2957 ‚
1887 2875 1968 2948 δε

326 3002 504 3056 ante
540 2980 934 3086 peregrina
970 3006 1207 3087 quarn
1252 2980 1380 3061 sua
1416 2979 1677 3090 lingua
1710 2981 1972 3062 decla-

304 3110 535 3172 >mare
556 3091 636 3180 in
671 3118 889 3175 more
910 3118 1071 3175 erat
1096 3090 1478 3254 positum:
1517 3093 1725 3186 hanc
1755 3127 1802 3177 v
1812 3095 1965 3176 iam

1808 3239 1966 3292 non

2138 3057 2140 3100 Ι
