2149 3576
476 124 562 205 D
623 143 668 196 ε
740 140 794 203 ι)
856 149 888 203 1
959 150 1007 202 c
1080 152 1135 201 A
1200 155 1260 209 T
1324 159 1355 212 1
1418 160 1492 213 o.

140 232 645 344 cognitione·
722 235 1396 324 vetustissimorum
1503 258 1755 358 parari
1773 300 1803 357 3

141 374 396 457 quam
417 350 730 432 unicam
754 359 836 434 ὃς
855 378 1112 435 veram
1131 356 1343 439 viam
1363 362 1464 441 ad
1490 373 1797 474 capien-

137 465 290 544 dos
318 462 478 544 hoc
496 490 599 545 ex
615 491 803 575 agro
822 461 1019 548 fru&
1030 496 1138 561 us»,
1153 471 1491 582 reliquos
1519 491 1793 569 modos

138 575 631 661 calamitates
653 588 734 663 &
753 579 1139 692 rubigines
1179 613 1340 667 non
1381 599 1803 688 credebant.

132 689 401 773 solu'm
475 693 610 776 sed
655 694 1205 805 gloriabantur.
1297 701 1487 786 Hoc
1547 718 1794 800 totius
1923 775 1928 781 -

140 804 578 890 Christiani
619 809 828 892 orbis
871 811 1082 902 malo
1122 812 1348 900 scivit
1385 821 1741 930 Julianus
1760 886 1791 931 ,

138 922 417 1031 quoad
453 925 725 1005 omnia
741 923 1205 1018 laudandus,
1245 929 1298 1010 fi
1334 938 1712 1027 maluisset

213 1059 451 1097 ⁶4⁴-—
485 1039 783 1119 laudare
801 1052 1044 1124 Deum,
1065 1048 1179 1122 cui
1176 1039 1467 1148 sordida
1482 1058 1786 1164 monstra

211 1151 536 1232 Praetulit
573 1149 1027 1265 &liquidam
1065 1169 1457 1242 temeravit
1490 1175 1786 1253 crimine

540 1296 823 1365 vocem,

136 1396 225 1460 ut
237 1378 438 1461 olim
461 1380 565 1463 de
585 1379 1064 1493 Symmacho
1081 1385 1417 1469 canebat
1439 1392 1781 1484 Pruden-

138 1494 319 1577 tius.
357 1494 576 1578 Cum
604 1497 813 1578 enim
834 1499 1058 1580 dom-i
1080 1496 1262 1582 effet
1299 1506 1576 1592 dostus
1617 1518 1778 1603 Ve-

137 1631 339 1692 teres
363 1612 465 1692 ad
503 1635 819 1695 omnem
861 1613 1378 1701 eruditionem
1434 1630 1781 1732 pandere

39 1821 45 1824 ι
130 1723 348 1806 viam
364 1779 391 1821 ,
405 1732 484 1811 δε
503 1720 812 1808 facilem
828 1729 1152 1812 reddere
1173 1731 1256 1811 in
1281 1732 1570 1823 sacrum
1593 1744 1784 1830 Mus

132 1835 389 1921 sarum
421 1865 779 1925 montem
807 1846 1106 1932 aditum
1130 1901 1157 1941 ,
1198 1849 1463 1934 edific
1519 1862 1771 1948 vetuit·

136 1949 345 2034 filios
363 1954 984 2041 Christianorum
1024 1956 1288 2044 Poetis
1334 1969 1462 2049 vel
1502 1968 1774 2056 Histo-

130 2059 311 2148 ricis'
327 2070 755 2158 attendere..
788 2073 881 2158 N
884 2100 978 2155 ec
1009 2095 1310 2158 tantum
1333 2078 1772 2173 saeviffimo.

126 2205 298 2265 rum
349 2183 912 2293 imperatorum
953 2189 1523 2296 persecutiones
1547 2257 1576 2298 ‚
1630 2215 1774 2289 aut'

32 2310 38 2315 ’
132 2321 452 2381 cruenta
501 2303 861 2384 mandata
897 2300 1348 2391 afflixerunt
1385 2340 1499 2394 res
1546 2319 1713 2422 pias
1735 2363 1769 2419 ,·

32 2427 33 2430 ‘
134 2437 368 2521 quam
394 2412 550 2495 hoc
573 2416 1185 2525 Julianijuss‘um.
1226 2425 1454 2506 Adeo
1485 2430 1767 2515 discre-

128 2526 481 2633 pabanta
513 2527 790 2611 nostrae
805 2533 1049 2611 aetatis
1093 2531 1577 2640 hominibuS,
1619 2551 1764 2659 qui

128 2662 466 2723 recentes
495 2644 597 2726 ad
616 2644 957 2729 calculos
986 2653 1275 2730 VOcant
1307 2706 1336 2747 ‚
1394 2664 1477 2734 &
1517 2658 1598 2738 in
1619 2690 1762 2744 no-

131 2753 425 2846 viffima
462 2751 689 2863 plebe
729 2783 1086 2869 quaerunt
1131 2767 1349 2872 quod
1386 2769 1720 2884 diligant
1733 2823 1770 2879 ,-

128 2866 675 2982 leviffimisque
696 2873 1023 2986 ingeniis
1087 2876 1135 2990 (
1152 2883 1491 2988 graviori
1515 2893 1768 2977 verbo

129 3003 281 3065 non
321 2979 550 3091 utar)
611 2988 1114 3100 antefignanis
1147 3020 1288 3101 per
1304 3019 1427 3080 tot
1449 2999 1763 3091 saeculo-⁴

127 3122 287 3184 rum
309 3102 694 3189 curricula
713 3107 1143 3191 reverentia
1165 3130 1372 3195 tutos
1387 3116 1769 3218 witot-es,-

1660 3236 1763 3315 de
