<?xml version="1.0" encoding="UTF-8"?>
<!DOCTYPE html PUBLIC "-//W3C//DTD XHTML 1.0 Transitional//EN"
    "http://www.w3.org/TR/xhtml1/DTD/xhtml1-transitional.dtd">
<html xmlns="http://www.w3.org/1999/xhtml" xml:lang="en" lang="en">
 <head>
  <title>
</title>
<meta http-equiv="Content-Type" content="text/html;charset=utf-8" />
  <meta name='ocr-system' content='tesseract 3.04.00' />
  <meta name='ocr-capabilities' content='ocr_page ocr_carea ocr_par ocr_line ocrx_word'/>
</head>
<body>
  <div class='ocr_page' id='page_1' title='image "./observationumli00cupegoog_0139.png"; bbox 0 0 2149 3576; ppageno 0'>
   <div class='ocr_carea' id='block_1_1' title="bbox 106 117 1771 2445">
    <p class='ocr_par' dir='ltr' id='par_1_1' title="bbox 106 117 1735 932">
     <span class='ocr_line' id='line_1_1' title="bbox 327 117 1725 219; baseline 0.006 -32"><span class='ocrx_word' id='word_1_1' title='bbox 327 117 1164 190; x_wconf 68' lang='lat' dir='ltr'><strong>onsnvntonum</strong></span> <span class='ocrx_word' id='word_1_2' title='bbox 1212 119 1274 191; x_wconf 87' lang='lat' dir='ltr'>L</span> <span class='ocrx_word' id='word_1_3' title='bbox 1299 142 1328 190; x_wconf 90' lang='lat'>1</span> <span class='ocrx_word' id='word_1_4' title='bbox 1350 143 1415 192; x_wconf 77' lang='lat' dir='ltr'><strong>e.</strong></span> <span class='ocrx_word' id='word_1_5' title='bbox 1436 125 1494 196; x_wconf 88' lang='lat'><strong>1.</strong></span> <span class='ocrx_word' id='word_1_6' title='bbox 1601 146 1725 219; x_wconf 80' lang='lat'><strong>105</strong></span> 
     </span>
     <span class='ocr_line' id='line_1_2' title="bbox 106 214 1732 316; baseline 0.001 -22"><span class='ocrx_word' id='word_1_7' title='bbox 106 215 518 294; x_wconf 78' lang='lat' dir='ltr'>concedamus</span> <span class='ocrx_word' id='word_1_8' title='bbox 541 220 724 290; x_wconf 72' lang='lat' dir='ltr'><strong>latere</strong></span> <span class='ocrx_word' id='word_1_9' title='bbox 742 241 865 316; x_wconf 89' lang='lat' dir='ltr'><strong>pro</strong></span> <span class='ocrx_word' id='word_1_10' title='bbox 884 240 1019 288; x_wconf 90' lang='lat' dir='ltr'><strong>non</strong></span> <span class='ocrx_word' id='word_1_11' title='bbox 1042 214 1356 294; x_wconf 75' lang='lat' dir='ltr'><strong>observari</strong></span> <span class='ocrx_word' id='word_1_12' title='bbox 1380 271 1404 306; x_wconf 87' lang='lat'>‚</span> <span class='ocrx_word' id='word_1_13' title='bbox 1456 248 1593 296; x_wconf 89' lang='lat' dir='ltr'><strong>non</strong></span> <span class='ocrx_word' id='word_1_14' title='bbox 1626 228 1732 297; x_wconf 90' lang='lat' dir='ltr'><strong>in-</strong></span> 
     </span>
     <span class='ocr_line' id='line_1_3' title="bbox 109 312 1729 419; baseline 0.004 -25"><span class='ocrx_word' id='word_1_15' title='bbox 109 321 290 419; x_wconf 88' lang='lat' dir='ltr'><strong>telligi</strong></span> <span class='ocrx_word' id='word_1_16' title='bbox 305 316 412 391; x_wconf 90' lang='lat' dir='ltr'><strong>hic</strong></span> <span class='ocrx_word' id='word_1_17' title='bbox 426 315 600 417; x_wconf 86' lang='lat' dir='ltr'><strong>posse</strong></span> <span class='ocrx_word' id='word_1_18' title='bbox 614 315 777 390; x_wconf 88' lang='lat' dir='ltr'><strong>sumi</strong></span> <span class='ocrx_word' id='word_1_19' title='bbox 794 369 818 404; x_wconf 88' lang='lat'>‚</span> <span class='ocrx_word' id='word_1_20' title='bbox 840 312 1005 414; x_wconf 90' lang='lat' dir='ltr'><strong>quid</strong></span> <span class='ocrx_word' id='word_1_21' title='bbox 1022 319 1143 397; x_wconf 87' lang='lat' dir='ltr'><strong>illis</strong></span> <span class='ocrx_word' id='word_1_22' title='bbox 1164 316 1304 406; x_wconf 86' lang='lat' dir='ltr'><strong>fiet,</strong></span> <span class='ocrx_word' id='word_1_23' title='bbox 1324 323 1439 416; x_wconf 84' lang='lat' dir='ltr'><strong>sed</strong></span> <span class='ocrx_word' id='word_1_24' title='bbox 1454 336 1518 396; x_wconf 80' lang='lat' dir='ltr'><strong>in</strong></span> <span class='ocrx_word' id='word_1_25' title='bbox 1531 336 1729 419; x_wconf 80' lang='lat' dir='ltr'><strong>priore</strong></span> 
     </span>
     <span class='ocr_line' id='line_1_4' title="bbox 111 415 1727 522; baseline 0.002 -28"><span class='ocrx_word' id='word_1_26' title='bbox 111 436 243 521; x_wconf 75' lang='lat' dir='ltr'><strong>qnia</strong></span> <span class='ocrx_word' id='word_1_27' title='bbox 271 425 363 492; x_wconf 84' lang='lat' dir='ltr'><strong>m&#39;l</strong></span> <span class='ocrx_word' id='word_1_28' title='bbox 390 438 796 517; x_wconf 77' lang='lat' dir='ltr'><em>compererant</em></span> <span class='ocrx_word' id='word_1_29' title='bbox 813 425 850 491; x_wconf 63' lang='grc' dir='ltr'><em>ἔ</em></span> <span class='ocrx_word' id='word_1_30' title='bbox 897 422 1056 490; x_wconf 86' lang='lat' dir='ltr'><strong>Sane</strong></span> <span class='ocrx_word' id='word_1_31' title='bbox 1088 415 1417 495; x_wconf 87' lang='lat' dir='ltr'><strong>referenda</strong></span> <span class='ocrx_word' id='word_1_32' title='bbox 1461 426 1687 522; x_wconf 86' lang='lat' dir='ltr'><strong>aliquo</strong></span> <span class='ocrx_word' id='word_1_33' title='bbox 1700 477 1727 514; x_wconf 89' lang='lat'><strong>,</strong></span> 
     </span>
     <span class='ocr_line' id='line_1_5' title="bbox 114 520 1726 617; baseline 0.007 -28"><span class='ocrx_word' id='word_1_34' title='bbox 114 546 252 596; x_wconf 83' lang='lat' dir='ltr'><strong>cum</strong></span> <span class='ocrx_word' id='word_1_35' title='bbox 272 524 327 593; x_wconf 65' lang='grc' dir='ltr'><strong>αὖ</strong></span> <span class='ocrx_word' id='word_1_36' title='bbox 346 520 464 613; x_wconf 85' lang='lat' dir='ltr'><strong>sed</strong></span> <span class='ocrx_word' id='word_1_37' title='bbox 490 537 773 617; x_wconf 84' lang='lat' dir='ltr'><strong>apertam</strong></span> <span class='ocrx_word' id='word_1_38' title='bbox 794 520 1166 592; x_wconf 84' lang='lat' dir='ltr'>relationem</span> <span class='ocrx_word' id='word_1_39' title='bbox 1183 521 1537 602; x_wconf 82' lang='lat' dir='ltr'><strong>includant.</strong></span> <span class='ocrx_word' id='word_1_40' title='bbox 1587 530 1726 599; x_wconf 89' lang='lat' dir='ltr'><strong>Ve-</strong></span> 
     </span>
     <span class='ocr_line' id='line_1_6' title="bbox 115 618 1724 724; baseline 0.006 -33"><span class='ocrx_word' id='word_1_41' title='bbox 115 649 248 698; x_wconf 86' lang='lat' dir='ltr'><strong>rum</strong></span> <span class='ocrx_word' id='word_1_42' title='bbox 277 618 450 692; x_wconf 84' lang='lat' dir='ltr'><strong>dicat</strong></span> <span class='ocrx_word' id='word_1_43' title='bbox 482 621 631 715; x_wconf 86' lang='lat' dir='ltr'><strong>quis</strong></span> <span class='ocrx_word' id='word_1_44' title='bbox 646 670 668 704; x_wconf 92' lang='lat'>,</span> <span class='ocrx_word' id='word_1_45' title='bbox 708 644 870 693; x_wconf 88' lang='lat' dir='ltr'><strong>num</strong></span> <span class='ocrx_word' id='word_1_46' title='bbox 903 639 982 693; x_wconf 88' lang='lat' dir='ltr'><strong>tu</strong></span> <span class='ocrx_word' id='word_1_47' title='bbox 1011 623 1328 696; x_wconf 61' lang='lat' dir='ltr'><strong>meliora}</strong></span> <span class='ocrx_word' id='word_1_48' title='bbox 1378 627 1529 724; x_wconf 83' lang='lat' dir='ltr'><strong>Ego</strong></span> <span class='ocrx_word' id='word_1_49' title='bbox 1557 625 1724 722; x_wconf 88' lang='lat' dir='ltr'><strong>quid</strong></span> 
     </span>
     <span class='ocr_line' id='line_1_7' title="bbox 116 717 1735 821; baseline 0.002 -25"><span class='ocrx_word' id='word_1_50' title='bbox 116 726 207 796; x_wconf 83' lang='lat' dir='ltr'><strong>alii</strong></span> <span class='ocrx_word' id='word_1_51' title='bbox 227 718 578 818; x_wconf 83' lang='lat' dir='ltr'><strong>judicaturi</strong></span> <span class='ocrx_word' id='word_1_52' title='bbox 624 717 750 792; x_wconf 84' lang='lat' dir='ltr'><strong>ssnt</strong></span> <span class='ocrx_word' id='word_1_53' title='bbox 781 718 990 794; x_wconf 90' lang='lat' dir='ltr'><strong>nescio</strong></span> <span class='ocrx_word' id='word_1_54' title='bbox 1006 731 1038 806; x_wconf 85' lang='grc'><strong>’,</strong></span> <span class='ocrx_word' id='word_1_55' title='bbox 1112 722 1278 820; x_wconf 90' lang='lat' dir='ltr'><strong>quid</strong></span> <span class='ocrx_word' id='word_1_56' title='bbox 1324 723 1735 821; x_wconf 69' lang='lat' dir='ltr'><strong>praestaturus</strong></span> 
     </span>
     <span class='ocr_line' id='line_1_8' title="bbox 119 819 1470 932; baseline -0.001 -32"><span class='ocrx_word' id='word_1_57' title='bbox 119 822 264 900; x_wconf 88' lang='lat' dir='ltr'><strong>mihi</strong></span> <span class='ocrx_word' id='word_1_58' title='bbox 282 819 564 894; x_wconf 89' lang='lat' dir='ltr'><strong>conscius</strong></span> <span class='ocrx_word' id='word_1_59' title='bbox 582 821 724 894; x_wconf 90' lang='lat' dir='ltr'><strong>sum</strong></span> <span class='ocrx_word' id='word_1_60' title='bbox 739 822 1106 896; x_wconf 84' lang='lat' dir='ltr'><strong>occurrebat</strong></span> <span class='ocrx_word' id='word_1_61' title='bbox 1122 826 1245 932; x_wconf 83' lang='lat' dir='ltr'><strong>legi</strong></span> <span class='ocrx_word' id='word_1_62' title='bbox 1258 822 1431 925; x_wconf 88' lang='lat' dir='ltr'><strong>posse</strong></span> <span class='ocrx_word' id='word_1_63' title='bbox 1448 878 1470 912; x_wconf 92' lang='lat'>,</span> 
     </span>
    </p>

    <p class='ocr_par' dir='ltr' id='par_1_2' title="bbox 120 925 1771 1633">
     <span class='ocr_line' id='line_1_9' title="bbox 202 925 1607 1022; baseline 0.002 -29"><span class='ocrx_word' id='word_1_64' title='bbox 202 925 318 995; x_wconf 84' lang='lat' dir='ltr'><strong>Sed</strong></span> <span class='ocrx_word' id='word_1_65' title='bbox 329 933 396 993; x_wconf 85' lang='lat' dir='ltr'><strong>in</strong></span> <span class='ocrx_word' id='word_1_66' title='bbox 414 933 607 1020; x_wconf 76' lang='lat' dir='ltr'><strong>priore</strong></span> <span class='ocrx_word' id='word_1_67' title='bbox 622 948 750 1021; x_wconf 78' lang='lat' dir='ltr'><strong>qua</strong></span> <span class='ocrx_word' id='word_1_68' title='bbox 765 927 858 995; x_wconf 82' lang='lat' dir='ltr'><strong>nil</strong></span> <span class='ocrx_word' id='word_1_69' title='bbox 869 948 1294 1022; x_wconf 73' lang='lat' dir='ltr'><strong>compererant,</strong></span> <span class='ocrx_word' id='word_1_70' title='bbox 1310 931 1472 1000; x_wconf 68' lang='lat' dir='ltr'><strong>latet.</strong></span> <span class='ocrx_word' id='word_1_71' title='bbox 1602 981 1607 990; x_wconf 92' lang='lat'><em>.</em></span> 
     </span>
     <span class='ocr_line' id='line_1_10' title="bbox 121 1022 1757 1127; baseline 0.002 -29"><span class='ocrx_word' id='word_1_72' title='bbox 121 1031 287 1098; x_wconf 75' lang='lat' dir='ltr'><strong>Latet</strong></span> <span class='ocrx_word' id='word_1_73' title='bbox 304 1022 535 1097; x_wconf 89' lang='lat' dir='ltr'><strong>scilicet</strong></span> <span class='ocrx_word' id='word_1_74' title='bbox 567 1028 885 1097; x_wconf 84' lang='lat' dir='ltr'><strong>Porcellus</strong></span> <span class='ocrx_word' id='word_1_75' title='bbox 900 1026 967 1096; x_wconf 87' lang='lat' dir='ltr'><strong>in</strong></span> <span class='ocrx_word' id='word_1_76' title='bbox 1000 1022 1143 1098; x_wconf 84' lang='lat' dir='ltr'><strong>smu</strong></span> <span class='ocrx_word' id='word_1_77' title='bbox 1156 1028 1347 1100; x_wconf 87' lang='lat' dir='ltr'><strong>villici</strong></span> <span class='ocrx_word' id='word_1_78' title='bbox 1364 1079 1386 1113; x_wconf 92' lang='lat'>,</span> <span class='ocrx_word' id='word_1_79' title='bbox 1418 1024 1582 1102; x_wconf 86' lang='lat' dir='ltr'><strong>dum</strong></span> <span class='ocrx_word' id='word_1_80' title='bbox 1605 1051 1725 1127; x_wconf 83' lang='lat' dir='ltr'><strong>po-</strong></span> <span class='ocrx_word' id='word_1_81' title='bbox 1754 1081 1757 1090; x_wconf 65' lang='lat'><em>„</em></span> 
     </span>
     <span class='ocr_line' id='line_1_11' title="bbox 120 1121 1724 1226; baseline 0.004 -28"><span class='ocrx_word' id='word_1_82' title='bbox 120 1127 288 1226; x_wconf 87' lang='lat' dir='ltr'><strong>pulus</strong></span> <span class='ocrx_word' id='word_1_83' title='bbox 318 1121 537 1198; x_wconf 88' lang='lat' dir='ltr'><strong>studio</strong></span> <span class='ocrx_word' id='word_1_84' title='bbox 569 1122 860 1225; x_wconf 83' lang='lat' dir='ltr'><strong>stupidus</strong></span> <span class='ocrx_word' id='word_1_85' title='bbox 908 1127 1128 1198; x_wconf 85' lang='lat' dir='ltr'><strong>excuti</strong></span> <span class='ocrx_word' id='word_1_86' title='bbox 1172 1151 1325 1201; x_wconf 85' lang='lat' dir='ltr'><strong>eum</strong></span> <span class='ocrx_word' id='word_1_87' title='bbox 1358 1154 1496 1202; x_wconf 83' lang='lat' dir='ltr'><strong>non</strong></span> <span class='ocrx_word' id='word_1_88' title='bbox 1511 1129 1724 1226; x_wconf 82' lang='lat' dir='ltr'><strong>jubet.</strong></span> 
     </span>
     <span class='ocr_line' id='line_1_12' title="bbox 121 1223 1725 1331; baseline 0.004 -32"><span class='ocrx_word' id='word_1_89' title='bbox 121 1232 283 1299; x_wconf 89' lang='lat' dir='ltr'><strong>Cum</strong></span> <span class='ocrx_word' id='word_1_90' title='bbox 320 1246 539 1298; x_wconf 81' lang='lat' dir='ltr'><strong>tamen</strong></span> <span class='ocrx_word' id='word_1_91' title='bbox 570 1223 875 1300; x_wconf 86' lang='lat' dir='ltr'><strong>duritiem</strong></span> <span class='ocrx_word' id='word_1_92' title='bbox 893 1277 942 1312; x_wconf 82' lang='lat'><strong>‚-</strong></span> <span class='ocrx_word' id='word_1_93' title='bbox 970 1227 1161 1324; x_wconf 76' lang='lat' dir='ltr'><strong>quale</strong></span> <span class='ocrx_word' id='word_1_94' title='bbox 1190 1231 1427 1304; x_wconf 80' lang='lat' dir='ltr'><strong>vitium</strong></span> <span class='ocrx_word' id='word_1_95' title='bbox 1454 1233 1648 1331; x_wconf 86' lang='lat' dir='ltr'><strong>longe</strong></span> <span class='ocrx_word' id='word_1_96' title='bbox 1684 1235 1725 1305; x_wconf 67' lang='grc' dir='ltr'>ὲ</span> 
     </span>
     <span class='ocr_line' id='line_1_13' title="bbox 122 1322 1728 1427; baseline 0.004 -29"><span class='ocrx_word' id='word_1_97' title='bbox 122 1324 378 1401; x_wconf 84' lang='lat' dir='ltr'><strong>Phaedro</strong></span> <span class='ocrx_word' id='word_1_98' title='bbox 409 1348 740 1400; x_wconf 89' lang='lat' dir='ltr'><strong>remotum</strong></span> <span class='ocrx_word' id='word_1_99' title='bbox 759 1379 783 1413; x_wconf 85' lang='lat'>,</span> <span class='ocrx_word' id='word_1_100' title='bbox 816 1322 1143 1400; x_wconf 84' lang='lat' dir='ltr'><strong>advertam</strong></span> <span class='ocrx_word' id='word_1_101' title='bbox 1158 1380 1182 1414; x_wconf 85' lang='lat'>,</span> <span class='ocrx_word' id='word_1_102' title='bbox 1220 1337 1289 1403; x_wconf 76' lang='grc' dir='ltr'><strong>δε</strong></span> <span class='ocrx_word' id='word_1_103' title='bbox 1316 1328 1480 1404; x_wconf 82' lang='lat' dir='ltr'><strong>hanc</strong></span> <span class='ocrx_word' id='word_1_104' title='bbox 1508 1333 1728 1427; x_wconf 88' lang='lat' dir='ltr'><strong>conje-</strong></span> 
     </span>
     <span class='ocr_line' id='line_1_14' title="bbox 124 1427 1728 1527; baseline 0.004 -27"><span class='ocrx_word' id='word_1_105' title='bbox 124 1428 350 1501; x_wconf 70' lang='lat' dir='ltr'><strong>&amp;uram</strong></span> <span class='ocrx_word' id='word_1_106' title='bbox 368 1450 498 1524; x_wconf 80' lang='lat' dir='ltr'><strong>prae</strong></span> <span class='ocrx_word' id='word_1_107' title='bbox 518 1429 635 1500; x_wconf 81' lang='lat' dir='ltr'><strong>alia</strong></span> <span class='ocrx_word' id='word_1_108' title='bbox 651 1428 895 1527; x_wconf 84' lang='lat' dir='ltr'><strong>sprevi,</strong></span> <span class='ocrx_word' id='word_1_109' title='bbox 927 1452 1130 1524; x_wconf 80' lang='lat' dir='ltr'><strong>quam</strong></span> <span class='ocrx_word' id='word_1_110' title='bbox 1148 1481 1171 1514; x_wconf 90' lang='lat'>‚</span> <span class='ocrx_word' id='word_1_111' title='bbox 1207 1427 1255 1502; x_wconf 85' lang='lat' dir='ltr'>fi</span> <span class='ocrx_word' id='word_1_112' title='bbox 1274 1429 1438 1527; x_wconf 90' lang='lat' dir='ltr'><strong>quid</strong></span> <span class='ocrx_word' id='word_1_113' title='bbox 1450 1433 1728 1509; x_wconf 79' lang='lat' dir='ltr'><strong>Divina-</strong></span> 
     </span>
     <span class='ocr_line' id='line_1_15' title="bbox 121 1523 1771 1633; baseline 0.005 -33"><span class='ocrx_word' id='word_1_114' title='bbox 121 1527 383 1601; x_wconf 88' lang='lat' dir='ltr'><strong>tionibus</strong></span> <span class='ocrx_word' id='word_1_115' title='bbox 396 1523 495 1599; x_wconf 84' lang='lat' dir='ltr'><strong>his</strong></span> <span class='ocrx_word' id='word_1_116' title='bbox 509 1526 902 1613; x_wconf 83' lang='lat' dir='ltr'><strong>credendum</strong></span> <span class='ocrx_word' id='word_1_117' title='bbox 927 1579 950 1614; x_wconf 92' lang='lat'>‚</span> <span class='ocrx_word' id='word_1_118' title='bbox 997 1554 1214 1604; x_wconf 77' lang='lat' dir='ltr'><strong>veram</strong></span> <span class='ocrx_word' id='word_1_119' title='bbox 1230 1554 1393 1633; x_wconf 90' lang='lat' dir='ltr'><strong>puto</strong></span> <span class='ocrx_word' id='word_1_120' title='bbox 1413 1562 1433 1608; x_wconf 73' lang='lat' dir='ltr'><em>z</em></span> <span class='ocrx_word' id='word_1_121' title='bbox 1766 1537 1771 1540; x_wconf 73' lang='grc'><strong>’</strong></span> 
     </span>
    </p>

    <p class='ocr_par' dir='ltr' id='par_1_3' title="bbox 201 1629 1411 1728">
     <span class='ocr_line' id='line_1_16' title="bbox 201 1629 1411 1728; baseline 0.005 -27"><span class='ocrx_word' id='word_1_122' title='bbox 201 1632 631 1722; x_wconf 75' lang='lat' dir='ltr'><strong>Tuncstmulat</strong></span> <span class='ocrx_word' id='word_1_123' title='bbox 637 1635 760 1728; x_wconf 77' lang='lat' dir='ltr'><strong>sese</strong></span> <span class='ocrx_word' id='word_1_124' title='bbox 779 1629 1143 1723; x_wconf 76' lang='lat' dir='ltr'><strong>vestimentis</strong></span> <span class='ocrx_word' id='word_1_125' title='bbox 1155 1634 1411 1728; x_wconf 73' lang='lat' dir='ltr'><strong>rusticus</strong></span> 
     </span>
    </p>

    <p class='ocr_par' dir='ltr' id='par_1_4' title="bbox 203 1730 1533 1835">
     <span class='ocr_line' id='line_1_17' title="bbox 203 1730 1533 1835; baseline 0.005 -32"><span class='ocrx_word' id='word_1_126' title='bbox 203 1732 531 1804; x_wconf 73' lang='lat' dir='ltr'><strong>Porcellum</strong></span> <span class='ocrx_word' id='word_1_127' title='bbox 546 1730 829 1835; x_wconf 73' lang='lat' dir='ltr'><strong>obtegere,</strong></span> <span class='ocrx_word' id='word_1_128' title='bbox 844 1733 1277 1829; x_wconf 66' lang='lat' dir='ltr'><strong>quodfaciebat</strong></span> <span class='ocrx_word' id='word_1_129' title='bbox 1283 1736 1533 1834; x_wconf 58' lang='lat' dir='ltr'><strong>seilicet.</strong></span> 
     </span>
    </p>

    <p class='ocr_par' dir='ltr' id='par_1_5' title="bbox 119 1834 1729 2445">
     <span class='ocr_line' id='line_1_18' title="bbox 203 1834 1581 1933; baseline 0.004 -32"><span class='ocrx_word' id='word_1_130' title='bbox 203 1834 320 1904; x_wconf 80' lang='lat' dir='ltr'><strong>Sed</strong></span> <span class='ocrx_word' id='word_1_131' title='bbox 330 1844 397 1903; x_wconf 76' lang='lat' dir='ltr'><strong>in</strong></span> <span class='ocrx_word' id='word_1_132' title='bbox 415 1837 612 1929; x_wconf 78' lang='lat' dir='ltr'><strong>priore</strong></span> <span class='ocrx_word' id='word_1_133' title='bbox 628 1843 777 1931; x_wconf 73' lang='lat' dir='ltr'><strong>quia</strong></span> <span class='ocrx_word' id='word_1_134' title='bbox 795 1839 884 1906; x_wconf 76' lang='lat' dir='ltr'><strong>nil</strong></span> <span class='ocrx_word' id='word_1_135' title='bbox 897 1858 1302 1933; x_wconf 76' lang='lat' dir='ltr'><strong>compererant</strong></span> <span class='ocrx_word' id='word_1_136' title='bbox 1315 1887 1340 1923; x_wconf 86' lang='lat'>,</span> <span class='ocrx_word' id='word_1_137' title='bbox 1358 1858 1581 1913; x_wconf 77' lang='lat' dir='ltr'><strong>tacent.</strong></span> 
     </span>
     <span class='ocr_line' id='line_1_19' title="bbox 124 1931 1724 2040; baseline 0.009 -39"><span class='ocrx_word' id='word_1_138' title='bbox 124 1931 329 2005; x_wconf 68' lang='lat' dir='ltr'><strong>Tacent</strong></span> <span class='ocrx_word' id='word_1_139' title='bbox 347 1932 580 2007; x_wconf 86' lang='lat' dir='ltr'><strong>scilicet</strong></span> <span class='ocrx_word' id='word_1_140' title='bbox 600 1933 995 2033; x_wconf 64' lang='lat' dir='ltr'><strong>speciatores,</strong></span> <span class='ocrx_word' id='word_1_141' title='bbox 1016 1959 1136 2007; x_wconf 85' lang='lat' dir='ltr'><strong>nec</strong></span> <span class='ocrx_word' id='word_1_142' title='bbox 1151 1940 1425 2011; x_wconf 84' lang='lat' dir='ltr'><strong>clamant</strong></span> <span class='ocrx_word' id='word_1_143' title='bbox 1440 1938 1724 2040; x_wconf 82' lang='lat' dir='ltr'><strong>perscru-</strong></span> 
     </span>
     <span class='ocr_line' id='line_1_20' title="bbox 120 2027 1723 2132; baseline 0.007 -27"><span class='ocrx_word' id='word_1_144' title='bbox 120 2030 321 2106; x_wconf 79' lang='lat' dir='ltr'>tandas</span> <span class='ocrx_word' id='word_1_145' title='bbox 336 2027 537 2107; x_wconf 82' lang='lat' dir='ltr'><strong>vestes</strong></span> <span class='ocrx_word' id='word_1_146' title='bbox 552 2032 764 2111; x_wconf 87' lang='lat' dir='ltr'><strong>rustici</strong></span> <span class='ocrx_word' id='word_1_147' title='bbox 778 2086 801 2120; x_wconf 88' lang='lat'>‚</span> <span class='ocrx_word' id='word_1_148' title='bbox 835 2060 998 2108; x_wconf 87' lang='lat' dir='ltr'><strong>num</strong></span> <span class='ocrx_word' id='word_1_149' title='bbox 1012 2035 1180 2132; x_wconf 90' lang='lat' dir='ltr'><strong>quid</strong></span> <span class='ocrx_word' id='word_1_150' title='bbox 1189 2042 1356 2112; x_wconf 83' lang='lat' dir='ltr'><strong>intra</strong></span> <span class='ocrx_word' id='word_1_151' title='bbox 1374 2065 1475 2114; x_wconf 79' lang='lat' dir='ltr'><strong>eas</strong></span> <span class='ocrx_word' id='word_1_152' title='bbox 1487 2043 1723 2116; x_wconf 83' lang='lat' dir='ltr'><strong>occulti</strong></span> 
     </span>
     <span class='ocr_line' id='line_1_21' title="bbox 119 2136 1723 2243; baseline 0.007 -38"><span class='ocrx_word' id='word_1_153' title='bbox 119 2154 297 2230; x_wconf 85' lang='lat' dir='ltr'><strong>gerat.</strong></span> <span class='ocrx_word' id='word_1_154' title='bbox 361 2140 446 2208; x_wconf 88' lang='lat' dir='ltr'><strong>In</strong></span> <span class='ocrx_word' id='word_1_155' title='bbox 476 2159 544 2207; x_wconf 88' lang='lat' dir='ltr'><strong>re</strong></span> <span class='ocrx_word' id='word_1_156' title='bbox 572 2141 734 2210; x_wconf 83' lang='lat' dir='ltr'><strong>clara</strong></span> <span class='ocrx_word' id='word_1_157' title='bbox 746 2136 953 2209; x_wconf 86' lang='lat' dir='ltr'><strong>verbis</strong></span> <span class='ocrx_word' id='word_1_158' title='bbox 964 2160 1157 2236; x_wconf 84' lang='lat' dir='ltr'><strong>parco</strong></span> <span class='ocrx_word' id='word_1_159' title='bbox 1171 2193 1195 2227; x_wconf 86' lang='lat'>,</span> <span class='ocrx_word' id='word_1_160' title='bbox 1227 2147 1293 2214; x_wconf 78' lang='grc' dir='ltr'><strong>δι</strong></span> <span class='ocrx_word' id='word_1_161' title='bbox 1306 2137 1473 2214; x_wconf 82' lang='lat' dir='ltr'><strong>hanc</strong></span> <span class='ocrx_word' id='word_1_162' title='bbox 1489 2143 1723 2243; x_wconf 72' lang='lat' dir='ltr'><strong>proba-</strong></span> 
     </span>
     <span class='ocr_line' id='line_1_22' title="bbox 120 2236 1729 2341; baseline 0.007 -34"><span class='ocrx_word' id='word_1_163' title='bbox 120 2250 328 2310; x_wconf 88' lang='lat' dir='ltr'><strong>turum</strong></span> <span class='ocrx_word' id='word_1_164' title='bbox 370 2238 809 2332; x_wconf 69' lang='lat' dir='ltr'><strong>conjeeturam</strong></span> <span class='ocrx_word' id='word_1_165' title='bbox 844 2236 1391 2341; x_wconf 85' lang='lat' dir='ltr'><strong>unumquemque</strong></span> <span class='ocrx_word' id='word_1_166' title='bbox 1433 2242 1729 2329; x_wconf 73' lang='lat' dir='ltr'><strong>credide-</strong></span> 
     </span>
     <span class='ocr_line' id='line_1_23' title="bbox 121 2334 1178 2445; baseline 0.007 -32"><span class='ocrx_word' id='word_1_167' title='bbox 121 2336 231 2417; x_wconf 87' lang='lat' dir='ltr'><strong>rim</strong></span> <span class='ocrx_word' id='word_1_168' title='bbox 241 2389 267 2430; x_wconf 90' lang='lat'><em>,</em></span> <span class='ocrx_word' id='word_1_169' title='bbox 314 2336 437 2445; x_wconf 82' lang='lat' dir='ltr'><strong>qui</strong></span> <span class='ocrx_word' id='word_1_170' title='bbox 457 2334 577 2418; x_wconf 82' lang='lat' dir='ltr'><strong>hos</strong></span> <span class='ocrx_word' id='word_1_171' title='bbox 589 2337 834 2427; x_wconf 82' lang='lat' dir='ltr'><strong>libellos</strong></span> <span class='ocrx_word' id='word_1_172' title='bbox 847 2340 1178 2425; x_wconf 71' lang='lat' dir='ltr'><strong>evolverit,</strong></span> 
     </span>
    </p>
   </div>
   <div class='ocr_carea' id='block_1_2' title="bbox 922 3045 1726 3143">
    <p class='ocr_par' dir='ltr' id='par_1_6' title="bbox 922 3045 1726 3143">
     <span class='ocr_line' id='line_1_24' title="bbox 922 3045 1726 3143; baseline -0.001 -27"><span class='ocrx_word' id='word_1_173' title='bbox 922 3047 1086 3143; x_wconf 59' lang='grc' dir='ltr'><strong>(ἒς</strong></span> <span class='ocrx_word' id='word_1_174' title='bbox 1447 3045 1726 3121; x_wconf 62' lang='lat' dir='ltr'><strong>Car.</strong></span> 
     </span>
    </p>
   </div>
  </div>
 </body>
</html>
