2149 3576
666 121 765 202 D
817 146 865 202 ι
930 148 988 208 ι)
1058 145 1091 201 1
1151 145 1210 203 e
1272 146 1331 219 a
1400 144 1454 201 ἰ’
1519 145 1554 211 ι
1618 145 1702 213 Q.

355 220 785 326 obediendi
813 234 1156 347 gloriam
1186 234 1596 331 relickann
1664 233 2007 347 denique

356 348 420 434 fi
453 346 645 457 foris
679 348 918 447 hostis
948 372 1289 446 nouerat
1307 407 1340 450 ‚
1399 350 1624 434 domi
1655 349 2014 434 nasceba-

360 486 509 552 tut.
577 466 874 552 Turbae
896 464 1596 577 igitur&tumores
1622 490 1876 549 rerum
1893 494 2018 549 ar·
2084 469 2094 482 '

362 580 646 691 cebant
688 579 1001 711 Musas,
1064 590 1239 690 quae
1266 594 1771 692 nequaquam
1811 581 2022 670 inter

363 722 580 801 arma
602 697 881 826 genitae
902 752 927 794 ,
976 682 1170 779 sed
1144 722 1229 777 ιιι
1249 693 1656 795 seceffibus
1669 696 1975 780 eductae
1986 755 2020 797 ,

363 822 686 920 nemora
716 821 797 896 ὅτ.
831 810 1052 895 lucos
1080 866 1111 908 ,
1165 810 1253 892 id
1291 808 1451 908 est,
1507 804 2019 915 solitudinem

364 932 670 1031 amant,
708 927 1109 1039 clangores
1138 926 1541 1024 tubarum,
1569 925 2017 1057 gladiornm

365 1041 730 1151 strepitus
743 1099 775 1142 ‚
826 1062 1278 1152 armataque
1314 1038 1681 1145 horrent
1654 1044 2011 1172 imperia.

368 1158 537 1241 Sed
547 1155 1258 1243 tulenmtRomani
1271 1157 1613 1265 pretium
1631 1155 1853 1287 hujus
1875 1159 2022 1259 rei,

370 1280 453 1359 &
491 1299 788 1356 merces
843 1271 1073 1387 hujus
1117 1268 1544 1355 severitatis
1576 1269 1742 1363 fuit
1788 1274 2021 1405 igno·

372 1385 645 1472 tantia.
707 1386 930 1478 Nam
977 1413 1218 1499 quam
1249 1372 1468 1471 nidis
1509 1395 1588 1474 δε
1633 1390 1885 1499 J'ejnna
1930 1392 2016 1487 in

373 1488 692 1619 popnlo‘
720 1500 941 1585 bellis
978 1499 1420 1613 praeliisque
1456 1482 1746 1587 assueto
1780 1501 2021 1611 fuerit

372 1614 743 1725 facundia
793 1674 819 1723 ,
892 1616 1207 1703 testatur
1258 1617 1572 1699 horrida
1653 1601 2015 1706 Monet-nii
2147 1632 2149 1639 '

286 1768 291 1774 ·
354 1735 636 1817 >oratio
657 1788 685 1831 ,
718 1715 1085 1816 testantur
1117 1732 1457 1836 carmina
1475 1731 1753 1840 Martii
1770 1736 1971 1816 vatis
1987 1797 2017 1838 ,
2145 1815 2146 1818 J

371 1847 643 1979 &ipsa
655 1848 896 1930 fontis
924 1848 1179 1929 omnis
1206 1846 1460 1957 divini
1490 1872 1729 1960 atque
1745 1847 2018 1950 huma·
2143 1941 2144 1946 J

250 1999 253 2002 ·
374 1963 461 2070 ni
480 1965 676 2076 juris
706 1958 1155 2073 fragmenta.
1212 1963 1367 2054 Sed
1395 1986 1480 2046 ut
1516 1961 1808 2098 fingnla
1841 1994 2020 2066 mu·
2143 1971 2144 2040 ἰ

370 2078 688 2161 tationis
725 2076 894 2187 lege
925 2100 1103 2161 nata
1135 2076 1350 2174 sunt,
1415 2104 1559 2159 nec
1583 2081 2015 2190 quicquam
2131 2121 2138 2128 ·

369 2189 515 2296 fibi
541 2188 777 2289 finxit
809 2215 1079 2276 natura
1111 2174 1379 2276 stabile
1411 2204 1487 2279 St.
1509 2192 1957 2294 duraturum
1986 2258 2017 2302 ,

371 2329 621 2418 utque
646 2303 812 2394 dies
843 2308 1155 2404 noctem
1184 2292 1549 2403 revoluto
1576 2335 1722 2393 axe
1758 2310 2013 2422 sequi-

373 2443 543 2519 tur,
598 2422 706 2507 ita
742 2433 823 2523 &
846 2423 1130 2505 Romae
1164 2422 1338 2531 post
1383 2444 1627 2510 tantas
1658 2427 2010 2523 tenebras

369 2535 511 2618 lux
534 2560 794 2621 totum
840 2536 1300 2621 illustratura
1335 2538 1606 2619 orbern
1648 2561 1820 2620 orta
1872 2543 2004 2628 est.

369 2654 895 2758 Attribuenda
967 2650 1133 2746 haec
1204 2649 1533 2736 felicitas
1620 2660 2007 2763 tempori,
2127 2745 2134 2768 ι

371 2770 596 2878 quod
661 2767 952 2850 bellum
1009 2764 1388 2850 Punicum
1445 2767 1864 2853 secundum
1924 2782 2006 2856 &

369 2882 684 2966 tertium
719 2882 1128 2988 discernit,
1183 2907 1325 2962 nec
1357 2866 1830 2990 fraudandus
1863 2885 2006 2970 suo
2041 2889 2044 2890 ⁷

366 2993 667 3078 honore
715 2998 988 3080 Crates
1031 2985 1409 3080 Mallotes
1460 2998 1706 3109 Regis
1754 3000 2005 3084 Attali

305 3104 656 3215 legatus
675 3166 703 3210 ,
734 3137 873 3220 qui
856 3113 1266 3206 Romanis
1286 3113 1658 3252 exemplo
1692 3115 1850 3199 ad
1824 3118 2001 3196 imi·
2129 3117 2130 3126 '

1826 3251 2032 3349 tam·
2127 3263 2128 3270 ι
