2149 3576
306 111 1350 202 oasaxvnmnuMLm.
1382 112 1436 183 1'.
1597 120 1684 202 65

78 212 273 284 Valet.
297 192 714 293 Maximum,
748 215 816 279 &
837 210 991 279 nota
1026 217 1174 308 gen's
1210 230 1415 309 togata
1443 215 1687 310 Augu..

76 309 138 383 sti
160 309 342 409 apud
359 311 770 380 Suetonium.
822 310 1137 408 Reliquas
1159 308 1529 386 comoediae
1541 314 1684 412 spe-

78 415 177 481 cies
212 438 246 481 a
280 416 559 481 Donato
577 408 1021 481 mutuabimur
1037 458 1059 492 ‚
1114 410 1292 499 cujus
1305 411 1510 482 verbis
1528 410 1681 485 infi‘

77 509 322 593 stentes,
348 507 621 581 facilius
667 505 858 580 filum
896 507 1097 624 hujus
1117 507 1678 611 lucubratiunculae

75 611 529 709 explicabimus,
577 615 645 680 Si
665 615 895 679 Latina
917 660 939 693 ,
978 611 1196 704 inquit
1220 658 1242 704 ,
1279 635 1675 709 argumenta-

79 716 256 802 tiofit,
278 725 638 810 prae‘textata
654 710 902 781 dicitur.
956 698 1260 782 comoedia
1276 725 1485 782 antem
1500 739 1613 783 nm
1620 717 1675 783 1-

78 833 152 881 tas
159 816 368 911 species
392 808 595 882 habet.
650 817 799 881 Aut
814 811 973 882 enim
992 814 1254 883 palliata
1272 810 1352 903 est
1366 812 1480 883 adt
1501 831 1676 913 toga-

76 933 168 996 ta,
202 933 310 983 aut
321 905 715 992 tabernaria,
742 919 856 981 dut
875 914 1239 995 Ancaeum,
1265 933 1383 981 aut
1397 915 1673 997 Mimas,

75 1034 170 1082 aut
184 1012 537 1082 Rhintom'ca
555 1062 575 1095 ,
598 1031 713 1081 aut
738 1012 1128 1105 Planipedae'a.
1160 1010 1458 1109 Quibus
1440 1038 1509 1084 111
1525 1038 1671 1085 ver-

76 1109 154 1180 bis
172 1110 336 1182 bona
367 1111 552 1182 malis
575 1106 870 1207 permista
896 1109 1045 1182 sunt
1060 1162 1083 1195 ‚
1122 1137 1277 1185 nam
1301 1127 1464 1185 errat
1500 1110 1667 1187 dum

73 1208 209 1282 dicit
220 1232 575 1311 praetextam
595 1211 711 1281 dici
731 1261 753 1294 ‚
783 1213 847 1304 si
861 1214 1089 1282 Latina
1108 1211 1186 1302 est
1205 1223 1671 1312 argumentatio.

76 1314 221 1427 Qs
237 1314 411 1383 enim
432 1314 685 1410 ignorat
704 1328 1101 1408 praetextatas
1120 1310 1237 1381 effe
1255 1315 1515 1383 unicam
1533 1312 1670 1410 spe-

70 1413 247 1498 ciem,
289 1420 357 1483 &
377 1416 612 1511 multas
629 1410 748 1482 effe
768 1412 1348 1526 argumentationes
1365 1415 1617 1485 Latinas
1642 1465 1665 1499 ‚

71 1537 197 1606 quae
215 1533 433 1585 tamen
453 1503 835 1610 praetextam
858 1513 1073 1582 vocari
1088 1512 1362 1584 minime
1377 1509 1662 1609 poss'u'nt}
1744 1578 1748 1582 ⁴

71 1609 316 1686 debebat
352 1610 577 1685 dixiffe
602 1620 926 1710 togatam·
941 1613 1223 1707 reliqua
1257 1612 1420 1685 bene
1456 1611 1517 1687 se
1549 1611 1667 1685 ha-

71 1711 243 1799 berit,
278 1721 343 1785 δι
363 1716 615 1786 illarum
632 1669 1129 1784 comoediarum
1146 1716 1276 1784 aliae
1286 1708 1370 1783 ab
1392 1709 1655 1801 habitu,

64 1816 180 1886 aliae
215 1816 252 1886 ὲ
284 1819 480 1899 loce,
540 1816 673 1886 aliae
703 1812 782 1883 ab
814 1814 1106 1884 Austore
1137 1812 1668 1889 denominantur.

69 1916 346 1987 Romani
359 1917 533 1985 enini
553 1938 708 1985 cum
724 1932 902 1984 antea
931 1913 1239 2011 semper
1206 1941 1243 1985 e
1277 1917 1521 1987 Graecis
1554 1919 1661 1988 sua

67 2011 384 2100 fenilem,
430 2012 696 2087 tandem
741 2015 931 2085 etiam
981 2033 1354 2112 argumenta
1404 2018 1660 2115 propria

64 2112 493 2214 sumpserunt,
542 2122 607 2186 δι
621 2112 910 2186 fecerunt
922 2133 1319 2211 praetextatas
1333 2165 1356 2200 ,
1389 2135 1658 2214 togatas,

62 2215 416 2288 tabernarias
438 2266 460 2300 ,
512 2215 865 2286 Attellanas
881 2265 903 2299 ‚
950 2213 1324 2312 Planipedes
1346 2267 1368 2300 ‚
1421 2223 1485 2304 &
1527 2236 1659 2290 tra-

63 2313 268 2390 beatas.
319 2314 679 2388 Diomedes
716 2313 790 2385 id
819 2340 938 2386 nos
973 2312 1209 2390 docet·
1261 2318 1496 2413 eApud
1534 2324 1657 2397 Ro-

63 2442 246 2491 manos
257 2437 626 2533 praetextata
644 2466 666 2499 ‚
688 2412 1084 2501 tabernaria
1051 2450 1084 2498 ,·
1117 2419 1443 2488 Attollana
1463 2465 1484 2501 ,
1508 2415 1658 2487 Pla-

67 2528 228 2614 nipes.
276 2517 626 2590 Horatius
608 2536 678 2587 111
702 2520 917 2586 Arte.
1323 2552 1326 2557 ·

144 2623 280 2691 Nec
292 2627 618 2690 nimimm'n
631 2642 899 2687 meruere
914 2614 1113 2699 decus,
1131 2578 1332 2713 vesti
1329 2641 1369 2684 a
1383 2621 1588 2686 Graeca

144 2706 311 2805 Ausi
323 2720 605 2815 deserere,
624 2719 706 2792 &²
718 2714 1010 2787 celebrare
1028 2714 1545 2810 domesticafa‘ft'a‚

142 2823 247 2889 Vel
263 2831 372 2914 qui
391 2838 724 2918 putemus,
750 2819 858 2887 vel
874 2843 982 2910 qus
972 2817 1237 2886 docuere
1254 2836 1513 2915 togatas,-

139 2923 248 2990 Νι
263 2919 687 3014 virtutefh‘ree,
702 2920 957 3012 claras-'ve
965 2925 1258 3015 potentius
1277 2921 1471 2988 armis·

147 3029 360 3111 Quam
381 3022 588 3118 lingua
608 3021 867 3088 Latium
1479 3066 1491 3083 .

57 3082 120 3186 &⁸
142 3116 401 3194 observa
432 3140 660 3220 togatas
691 3114 817 3192 dici
844 3116 1088 3216 duplici·
1113 3090 1337 3190 sensu·
1309 3152 1339 3196 5
1389 3085 1541 3188 nam
1558 3119 1662 3187 vel

866 3222 929 3296 E
1260 3271 1269 3278 .
1404 3234 1660 3313 ponun-
